1943 2355
928 93 973 123 30

185 190 281 224 Facile
305 189 382 221 enim
405 188 595 231 intelligimus,
619 198 677 220 non
699 186 775 220 bene
798 187 837 220 ita
860 199 877 219 a
900 193 986 231 poeta
1010 199 1073 220 rem
1097 199 1163 221 esse
1181 188 1348 233 institutam,
1372 191 1396 223 si
1412 201 1490 234 vere,
1514 192 1593 235 quod
1609 192 1714 245 placuit

184 237 253 279 illis,
290 235 410 268 auditori
438 235 547 278 praeire
576 233 703 266 debebat
733 234 887 266 sententias
915 246 950 266 ex
978 234 1067 267 rebus
1096 235 1184 267 modo
1207 236 1276 268 actis
1299 214 1516 281 pei-cipienda53
1550 242 1614 271 tum
1636 239 1712 271 enim

129 276 133 281 ’
184 282 321 325 debebat,
346 282 369 315 si
392 293 444 314 sua
466 280 632 324 attingebat,
655 280 700 313 vel
723 280 889 313 brevissime
913 292 948 313 ea
972 281 1130 324 absolvere,
1155 281 1260 315 diutius
1284 288 1383 316 contra
1406 289 1436 317 et
1459 284 1519 317 fere
1542 284 1640 316 solis'
1632 297 1661 317 in
1678 285 1712 318 iis

183 329 300 371 versari,
324 339 398 372 quae
421 328 550 360 universa
573 327 663 369 magis
687 338 722 359 ex
746 327 778 358 iis
802 327 1061 370 consequebantur.
1080 344 1128 350 —-
1150 328 1317 362 Admodum
1339 330 1526 363 memorabile
1550 331 1713 373 exemplum

183 379 333 419 praeterea
355 374 496 417 reperitur
518 373 546 405 in
571 373 686 416 Oedipo
709 374 808 415 Rege,
838 373 888 405 uhi
912 374 1015 406 chorus
1040 373 1189 416 dubitans,
1220 376 1301 418 cujus
1324 376 1382 408 Dei
1404 375 1495 409 filium
1518 376 1591 409 dicat
1615 376 1712 409 Oedi-

182 433 263 466 pum,
288 422 545 472 Cithaeronemque
569 419 765 452 celebraturus
789 419 940 452 laetissima
965 431 1098 472 quaeque
1122 425 1222 464 aperte
1246 427 1407 465 exspectat,
1438 428 1583 476 spectator
1605 427 1712 464 autem,

182 468 339 521 perspectis
363 467 405 498 vel
429 467 461 498 iis
486 466 563 508 solis,
587 477 661 509 quae
682 466 742 508 jam
767 470 828 498 acta
852 471 918 497 sunt
940 466 1086 510 ipsiusque
1099 467 1205 510 Oedipi
1222 468 1414 511 Jocastaeque
1431 474 1522 511 metu,
1545 470 1590 502 vix
1606 473 1711 512 potest,

182 514 251 559 quin
269 513 424 546 certissime
443 512 548 555 Oedipi
569 512 659 544 satum
682 511 846 555 praevideat
868 523 989 556 remque
1012 523 1080 545 mox
1104 512 1296 556 detegendam
1320 514 1457 558 percipiat
1477 515 1538 558 jam
1560 520 1713 559 antequam

181 559 356 594 ostendatur.
392 560 458 591 Non
477 564 532 601 est,
556 570 608 591 cur
624 559 704 602 plura
723 559 854 602 ejusdem
877 559 919 591 rei
944 559 1074 602 exempla
1098 570 1297 603 congeramus,
1321 561 1415 604 qualia
1438 572 1570 605 quaeque
1593 562 1714 605 praebet

181 607 289 648 fabula,
320 617 387 638 cum
409 606 453 637 vel
477 606 520 637 his
545 606 612 637 satis
636 605 672 637 sit
695 605 895 648 conspicuum,
932 616 1019 649 saepe
1048 606 1134 658 longe
1164 606 1233 638 alios
1257 617 1323 639 esse
1347 608 1531 650 spectatoris,
1561 618 1595 640 ac
1624 609 1713 651 chori,

180 663 280 686 sensus
303 648 390 696 atqile
414 652 651 695 exspectationes.
700 651 866 684 Cavendum
890 656 997 694 autem,
1021 663 1058 684 ne
1082 653 1145 696 quis
1169 653 1258 685 levius
1278 653 1397 707 judicet,
1422 653 1501 697 quod
1524 665 1610 698 supra
1633 666 1712 698 quo-

178 711 235 743 que
259 699 414 742 tetigimuS,
439 698 517 751 quod
540 698 577 730 ad
601 697 725 730 fabulam
743 698 926 741 spectandam
944 698 1084 731 accedunt
1101 699 1231 731 homines
1249 699 1351 732 bene
1344 700 1432 753 ipsius
1450 700 1562 733 fabulae
1579 706 1712 733 tenentes

178 747 234 778 vim
258 749 288 777 et
310 745 445 786 indolem,
471 744 633 777 existimans
656 745 783 776 revocari
807 755 857 776 eos
881 744 917 776 ab
941 744 991 787 iis,
1022 756 1096 787 quae
1116 745 1177 788 jam
1200 750 1332 788 teneant,
1361 746 1422 778 viva
1444 757 1543 778 rerum
1566 751 1713 789 gestarum

177 791 353 835 actionisque
376 791 514 834 imagine,
541 795 736 834 reputansque
760 802 875 833 secum,
900 801 988 834 saepe
1011 791 1049 823 ita
1072 791 1235 824 immutatas
1260 803 1325 824 esse
1349 803 1365 825 a
1388 792 1500 835 tragicis
1525 792 1649 836 fabulas,
1679 797 1713 826 ut

177 838 215 871 de
239 838 355 881 singulis
375 837 513 881 judicium
536 842 647 869 certum
671 837 779 870 habere
803 842 948 881 spectator
972 849 1029 869 non
1053 838 1152 881 possit.
1195 838 1254 870 Sed
1278 838 1485 882 reminiscatur,
1510 850 1629 882 quaeso,
1653 839 1711 882 ille,

176 896 324 928 nunquam
355 896 370 916 a
403 884 546 926 Sophocle
576 889 655 915 certe
685 884 723 916 ita
754 885 915 916 immutatas
946 884 1071 927 fabulas,
1101 889 1134 916 ut
1163 885 1271 917 exitum
1300 885 1440 918 haherent
1469 896 1586 929 prorsus
1614 886 1710 928 alium,

176 942 264 976 quam
287 942 374 975 quem
398 930 530 963 exhibeat
553 931 667 974 mythus
697 930 830 963 omnibus
859 935 954 963 notus.
1014 932 1054 963 Ut
1082 931 1158 963 enim
1188 931 1225 963 de
1256 932 1370 975 Oedipo
1400 932 1463 964 satis
1493 936 1559 975 post
1589 932 1711 965 facinora

175 978 261 1010 invita
284 977 398 1010 detecta
420 977 465 1009 alii
489 977 570 1009 aliter
593 977 730 1020 prodant,
760 977 829 1009 illud
859 981 937 1009 certe
967 977 1043 1019 apud
1071 988 1172 1009 omnes
1202 983 1322 1019 constat,
1346 989 1414 1010 vere
1438 983 1549 1021 patrem
1573 979 1710 1011 occidisse

176 1023 339 1066 Oedipum,
368 1033 436 1054 vere
468 1027 590 1055 matrem
620 1023 734 1054 duxisse
765 1034 798 1054 ac
821 1023 927 1054 liberos
952 1033 987 1054 ex
1012 1034 1046 1054 ea
1069 1024 1272 1066 progenuisse,
1309 1024 1387 1067 quod
1410 1025 1455 1056 vel
1479 1024 1572 1056 solum
1596 1025 1620 1056 si
1643 1025 1711 1056 satis

175 1074 294 1102 noverat
317 1073 469 1113 spectator,
495 1080 552 1101 non
576 1073 690 1113 poterat
713 1080 780 1101 cum
803 1069 878 1101 laeto
902 1069 949 1100 illo
974 1069 1052 1101 chori
1077 1069 1202 1102 carmine
1226 1070 1397 1103 consentire.
1457 1071 1522 1103 Non
1552 1071 1628 1103 enim
1651 1075 1711 1103 tam

174 1117 212 1150 de
236 1117 353 1169 singulis
375 1116 548 1160 quibusdam
571 1116 699 1159 partibus
723 1116 768 1149 vel
792 1116 907 1148 actionis
931 1117 976 1148 vel
1008 1116 1119 1149 fabulae
1149 1117 1194 1149 hic
1223 1117 1424 1159 cogitandum,
1459 1129 1546 1161 quam
1575 1117 1612 1150 de
1641 1129 1710 1150 vero

175 1164 237 1206 ejus
262 1163 339 1195 exitu
362 1163 406 1195 vel
430 1163 584 1195 miserabili
607 1163 652 1194 vel
676 1163 762 1204 laeto,
786 1163 882 1205 cujus,
913 1163 936 1194 si
961 1162 1077 1205 quidem
1101 1168 1186 1195 notus
1211 1168 1288 1205 erat,
1316 1175 1374 1195 non
1401 1169 1557 1206 potuerunt
1586 1164 1711 1195 oblivisci

173 1214 349 1254 spectantes,
380 1209 548 1253 praesertim
573 1220 639 1241 cum
664 1209 832 1253 plerumque
853 1208 913 1252 jam
937 1208 965 1241 in
989 1208 1166 1261 expositione
1190 1209 1264 1242 vel
1257 1221 1285 1242 ιιι
1309 1209 1433 1243 decursu
1457 1210 1569 1243 fabulae
1594 1209 1631 1243 de
1654 1210 1711 1243 hoc.

173 1257 397 1291 admonerentur
420 1257 602 1290 oraculorum
626 1256 794 1289 similiumve
819 1256 890 1289 sacta
914 1256 1068 1290 mentione.
1104 1257 1152 1290 De
1176 1257 1232 1290 hoc
1256 1262 1353 1291 autem
1377 1258 1439 1291 solo
1463 1258 1511 1302 ita,
1535 1262 1568 1291 ut
1579 1258 1709 1301 fecimus,

173 1305 335 1345 statuimus,
359 1304 382 1335 si
406 1304 468 1345 ejus
492 1304 534 1335 rei
557 1303 698 1335 rationem
721 1303 872 1334 habuimus
888 1301 931 1345 1).

265 1387 414 1421 Sufficient
448 1387 536 1430 haec,
572 1386 677 1431 quibus
709 1386 909 1429 ostendamus,
944 1386 1063 1419 chorum
1092 1398 1151 1420 nou
1180 1398 1342 1432 proponere
1373 1388 1527 1421 sententias
1556 1388 1709 1431 spectatori

172 1435 284 1467 actione
308 1434 478 1467 excitandas.
525 1435 591 1467 Jam
614 1433 833 1477 progrediamur
856 1433 891 1466 ad
915 1433 997 1475 illud,
1022 1433 1102 1477 quod
1125 1445 1237 1467 summa
1261 1439 1306 1467 est
1328 1435 1413 1478 hujus
1437 1435 1654 1477 dissertationis,
1677 1439 1711 1467 ut

171 1480 374 1522 ostendamus,
398 1481 496 1523 quales
520 1485 617 1523 partes
640 1480 724 1511 nobis
747 1480 895 1511 videantur
918 1490 933 1511 a
958 1480 1101 1522 Sophocle
1125 1480 1211 1512 tribui
1234 1481 1322 1512 choro
1345 1480 1483 1523 agendae.
1532 1482 1629 1520 Quam
1653 1492 1709 1513 ex-

171 1527 344 1569 positionem
374 1526 480 1570 optime
509 1526 548 1558 ita
576 1526 773 1568 instituemus,
805 1530 838 1557 ut
860 1525 985 1568 primum
1008 1536 1147 1569 quasnam
1171 1526 1207 1558 ad
1231 1526 1351 1558 chorum
1375 1526 1428 1558 sibi
1452 1527 1537 1569 eligat
1560 1526 1708 1570 persouaS,

200 1656 226 1687 '³
241 1656 843 1721 31²3:{zzzffi'z„⁴3⁸3..2{⁰.:‘11¹¹;'¹2{,'::¹::
852 1658 1027 1716 2¹:⁰¹¹.0¹.¹‚¹³¹”¹⁸³⁴
1034 1658 1254 1717 25:¹³3.:''¹.:’:2.25⁰
1270 1656 1707 1717 '32053231”:¹52.,l¹“‘1¹.2t¹:5532‘.

238 1724 347 1755 collatis,
373 1728 465 1750 certum
482 1723 540 1749 mihi
558 1724 666 1755 ridetur,
688 1728 774 1756 poetas
792 1698 905 1756 tragicgig
915 1699 990 1749 choen
1008 1726 1054 1750 vim
1072 1699 1193 1757 quaniinm
1210 1700 1355 1751 νιίἰέἰυιῃάἰ
1373 1725 1487 1749 tribuisse
1504 1698 1608 1755 eiimque
1624 1723 1706 1748 divino

237 1758 334 1783 numine
352 1759 462 1783 amatum
479 1759 591 1783 tinxisse*
609 1763 634 1783 et
650 1767 711 1790 quae
728 1762 869 1798 sequuntur.
902 1758 940 1783 Ad
957 1767 1029 1790 quam
1048 1760 1193 1784 sententiam
1211 1759 1360 1791 probandam
1377 1766 1448 1790 quem
1466 1758 1595 1788 adscripsit
1612 1756 1707 1789 Sopho-

234 1795 278 1819 clis
296 1795 375 1819 locum
391 1795 452 1819 Oed.
469 1796 501 1819 R.
520 1798 599 1819 110⁵:
618 1791 707 1829 Εἴπερ
722 1787 777 1824 ἐγω
790 1787 890 1824 μοι’ντις
904 1792 967 1825 ἐιμί
979 1791 1030 1820 καὶ
1042 1802 1118 1821 κατα
1138 1789 1247 1829 ’γνώμην
1266 1792 1341 1830 ἴδρις,
1359 1802 1408 1819 non
1430 1795 1509 1826 potnit
1526 1794 1615 1824 eligere
1632 1793 1706 1818 docu-

236 1835 343 1856 mentum
360 1832 437 1855 miuus
455 1835 553 1863 aptum,
571 1839 627 1856 cum
645 1831 724 1861 ipsum
741 1829 808 1860 illud,
826 1829 891 1861 quod
909 1830 949 1854 illo
967 1830 1020 1855 loco
1039 1831 1182 1855 vaticinatur
1198 1830 1302 1872 chorus,
1326 1834 1379 1855 toto
1396 1832 1464 1856 coelo
1482 1838 1497 1854 a
1514 1837 1571 1854 vero
1588 1831 1622 1854 rei
1640 1833 1705 1854 statu

236 1869 341 1894 abanet.
381 1868 467 1893 Melius
488 1868 524 1893 uti
542 1871 637 1909 poterat
654 1867 767 1892 Electrae
784 1866 824 1891 illo
842 1866 895 1892 loco
912 1874 933 1891 v.
951 1868 1001 1892 465
1018 1875 1067 1899 sq..
1085 1862 1125 1892 EI
1141 1860 1181 1901 μή
1201 1859 1248 1899 'aral
1267 1848 1426 1903 παράφρων
1442 1858 1544 1899 noim-10
1564 1861 1638 1899 ἔφυν
1656 1862 1707 1892 καὶ

236 1912 349 1938 ’γνωμας
363 1901 528 1936 λειπομένα
548 1900 650 1936 σοΦὸἷς,
668 1912 716 1936 quo
734 1907 808 1929 cautu
827 1902 915 1929 chorus
933 1905 1129 1935 exspectationes
1146 1906 1217 1930 effert
1235 1912 1249 1928 a
1267 1911 1323 1929 vero
1340 1911 1421 1929 rerum
1441 1906 1528 1927 aventu
1553 1910 1601 1927 uon
1623 1902 1706 1927 admo-

236 1940 293 1965 dum
311 1940 471 1966 discedentes.
502 1941 530 1965 Si
548 1945 627 1965 autem
644 1940 765 1965 interdum
782 1939 889 1965 videmus
907 1939 1007 1965 chorum
1025 1945 1117 1965 rectum
1135 1940 1295 1971 praesentire
1301 1941 1335 1964 rel
1354 1943 1429 1967 certe,
1447 1938 1512 1970 quod
1529 1938 1605 1964 simile
1621 1939 1653 1963 sit
1670 1938 1705 1963 rei

237 1981 293 1998 vere
309 1974 390 1999 sactae
408 1975 534 2005 suspicari,
552 1973 576 1997 id
594 1977 689 1998 tautum
706 1975 791 2004 abest,
814 1977 842 1997 nt
866 1973 946 1998 divino
963 1973 1059 1998 cuidam
1076 1974 1211 1999 tribuamus
1235 1974 1341 2004 atnam,
1364 1975 1392 1997 ut
1414 1972 1541 1997 universae
1557 1971 1705 1997 vindicemus

236 2005 358 2032 hominum
375 2011 487 2038 naturae,
503 2008 567 2033 inter
583 2007 645 2032 falsa
662 2015 719 2032 vera
735 2014 833 2039 quoque
850 2010 1000 2039 exspectare.
