1943 2355
926 93 972 122 36

214 247 264 278 IV.
297 245 508 285 QUOMODO
531 244 585 276 ET
608 243 665 275 AD
692 243 792 281 QUID
818 242 1060 275 SOPHOCLES
1084 242 1246 276 UTATUR
1271 243 1414 277 CHORO
1440 193 1691 280 COLEIGITUR.

271 329 552 374 Transgrediendum
579 329 641 371 jam
671 328 726 360 erit
755 327 792 360 ad
821 338 885 359 earn
909 327 1129 371 quaestionem,
1154 339 1211 371 qua
1234 329 1344 361 ratione
1369 329 1458 362 choro
1481 331 1520 363 ita
1542 331 1670 364 instituto
1695 338 1727 365 et

178 379 240 421 ejus
265 378 395 410 cantibus
419 377 486 417 illis,
519 386 593 418 quos
617 375 705 407 modo
729 374 925 416 indicavimus,
956 374 1072 406 fabulae
1101 374 1170 406 locis
1200 375 1374 418 interpositis
1404 387 1475 408 usus
1505 378 1542 410 sit
1569 383 1654 421 poeta
1677 380 1723 411 vel

177 425 276 469 quales
301 424 404 455 efferre
428 423 520 453 soleat
543 422 698 453 sententias
730 425 761 452 et
787 421 835 463 qui
864 421 897 452 iis
927 420 1032 452 afficiat
1064 421 1200 452 auditoris
1226 422 1361 453 animum.
1410 423 1492 461 Quas
1512 419 1671 456 'sententias
1694 424 1723 455 in

177 471 341 503 universum
364 470 402 501 ita
426 479 491 500 esse
516 473 707 510 comparatas,
730 472 763 499 ut
787 467 918 498 facillime
942 478 959 498 e
983 466 1074 498 rebus
1099 467 1166 509 ipsis
1190 467 1278 499 modo
1304 469 1372 500 actis
1396 469 1507 511 possint
1524 470 1627 513 colligi,
1652 481 1723 502 sae-

177 518 239 561 pius
264 521 360 548 tamen
383 515 523 547 recedere
548 514 583 546 ab
607 514 651 556 iis,
676 525 747 558 quas
771 524 855 545 verus
880 512 934 545 sibi
958 512 1067 545 debeat
1091 518 1236 555 spectator
1259 514 1413 547 informare
1437 526 1536 547 rerum
1561 516 1723 549 conditione

177 563 278 596 melius
314 566 483 605 perspecta,
520 572 606 603 supra
638 561 698 604 jam
733 560 973 592 demonstratum.
1025 559 1212 592 Considerata
1241 565 1338 593 autem
1367 562 1477 604 singula
1507 563 1631 595 carmina
1655 563 1722 596 satis

177 608 346 649 ostendunt,
379 608 478 640 dolere
508 608 679 650 plerumque
707 607 827 639 chorum
857 606 1019 637 infortuniis
1044 606 1203 649 principum
1227 607 1340 638 fabulae
1364 618 1569 650 personarum,
1594 609 1721 651 gaudere

176 666 278 688 eorum
309 655 386 696 satis,
419 665 494 698 quae
523 654 567 686 vel
591 665 658 685 vere
684 654 739 685 sint
766 653 856 694 laeta,
887 653 931 684 vel
962 652 1113 684 videantur
1142 657 1220 685 certe
1252 664 1316 686 esse
1348 658 1397 686 aut
1426 654 1493 697 ipsis
1517 655 1648 697 personis
1672 661 1722 688 aut

176 703 275 734 choro.
325 702 414 744 Cujus
445 701 487 733 rei
519 701 650 743 exempla
677 700 804 732 breviter
831 699 876 731 hic
903 700 987 731 liceat
1012 710 1192 742 percurrere.
1241 701 1274 732 In
1298 700 1387 743 Ajace
1411 700 1450 733 ita
1469 701 1530 743 jam
1554 702 1662 744 parodo
1687 713 1721 734 ea

175 748 236 780 edit
271 759 370 790 sensa,
406 758 524 779 rumore
560 747 657 779 audito
687 746 724 778 de
755 746 851 788 Ajacis
882 746 1025 788 facinore,
1062 757 1136 789 quae
1166 751 1277 778 metum
1300 747 1422 789 prodant
1445 747 1512 779 inde
1536 748 1591 780 sihi
1614 753 1721 780 ortum.
1773 758 1776 762 ’

174 796 258 835 Post,
290 805 358 826 cum
381 805 481 826 verum
504 794 547 825 rei
571 798 677 825 statum
698 793 854 834 intellexit,
882 797 994 824 metum
1020 792 1161 835 expromit
1184 792 1221 825 de
1244 793 1339 836 Ajacis
1365 794 1436 835 sato,
1467 794 1533 837 qual
1592 805 1637 826 am
1661 794 1722 826 im-

174 841 316 885 pendeat,
353 841 389 873 ad
419 852 507 884 quem
535 840 645 872 accedit
673 844 768 872 metus
793 839 829 871 de
854 850 887 871 su
928 839 936 870 i
975 839 980 844 '
1042 843 1130 871 sorte.
1175 839 1287 872 Eadem
1310 840 1405 883 Ajacis
1435 805 1721 885 insanfflxcitatuS,

176 888 246 930 quid
270 893 299 919 et
324 888 377 919 sibi
400 888 542 919 malorum
567 887 670 918 offerat
700 886 806 929 quique
838 850 1068 939 ejufflura
1098 886 1134 917 sit
1164 891 1298 928 parentes
1329 886 1489 929 perpendit.
1549 888 1624 919 Tum
1654 898 1721 919 cum

175 934 264 977 ipsius
288 945 375 965 manu
399 933 502 965 occidit
525 933 571 964 ille
595 937 802 976 repertumque
827 936 872 963 est
896 931 1031 973 cadaver,
1069 932 1272 975 circumspicit,
1309 932 1377 975 quid
1407 933 1444 964 ad
1476 933 1532 964 hoc
1556 944 1622 965 eum
1645 944 1719 976 per-

176 980 290 1012 duxerit
318 980 494 1023 metuitque,
532 980 625 1023 qualia
659 990 726 1011 mox
757 978 882 1021 superbe
906 978 935 1009 in
960 989 1028 1010 eum
1058 978 1148 1010 acturi
1177 979 1233 1011 sint
1257 979 1373 1022 Ulysses
1397 979 1574 1023 Atridaeque
1604 980 1719 1012 inimici.

175 1027 274 1060 Ultimi
303 1038 420 1070 quoque
451 1027 582 1058 carminis
606 1022 717 1058 'chorici
741 1026 770 1057 in
794 1025 838 1056 'la
863 1024 957 1056 sabula
983 1036 1016 1056 ea
1042 1030 1085 1057 est
1110 1037 1238 1065 summa,
1269 1030 1301 1058 ut
1329 1026 1439 1058 bellum
1465 1026 1525 1069 jam
1555 1031 1638 1059 antea
1666 1026 1719 1058 sibi

176 1074 333 1106 molestum
357 1074 447 1116 magis
471 1073 557 1105 etiam
581 1073 676 1116 Ajacis
703 1076 780 1104 mort
834 1072 888 1103 hoc
918 1072 1025 1103 sactum
1050 1083 1114 1104 esse
1139 1072 1281 1104 ostendat.
1307 1091 1350 1096 —-
1375 1074 1407 1104 In
1431 1073 1586 1105 Trachiniis
1610 1073 1721 1116 parodo

176 1121 282 1152 chorus
307 1120 343 1151 ab
367 1120 500 1163 Apolline
525 1120 610 1162 petit,
634 1124 667 1151 ut
695 1119 837 1151 Hercules
860 1118 978 1150 ubinam
1002 1124 1133 1150 versetur
1156 1119 1283 1160 nuntiet,
1309 1125 1337 1151 et
1361 1120 1421 1162 ipse
1444 1119 1609 1162 Dejanirae,
1633 1131 1720 1163 quam

175 1167 270 1199 videat
294 1167 368 1198 curis
394 1167 521 1207 distrahi,
546 1166 738 1198 misericordia
762 1165 800 1196 ita
823 1176 855 1196 se
880 1165 974 1196 facere
999 1166 1155 1207 profitens,
1186 1165 1337 1209 additque,
1373 1177 1432 1209 quo
1456 1177 1520 1198 eam
1544 1166 1719 1207 consoletur,

175 1217 257 1244 certo
281 1214 384 1244 Jovem
410 1223 468 1244 non
492 1212 676 1244 deserturum
700 1222 764 1243 esse
789 1211 888 1242 filium.
936 1212 1094 1254 Postquam
1119 1216 1186 1254 post
1215 1212 1304 1243 varias
1327 1222 1425 1243 rerum
1450 1212 1561 1254 species
1586 1212 1659 1244 actio
1683 1222 1720 1243 eo

175 1263 221 1291 est
247 1270 419 1302 progressa,
455 1263 487 1290 ut
516 1259 652 1301 Dejanira
676 1258 735 1301 jam
768 1257 804 1289 de
835 1257 994 1300 perniciosa
1019 1257 1086 1289 doni
1110 1258 1154 1289 sui
1177 1258 1203 1290 vi
1227 1258 1333 1290 certior
1356 1258 1392 1290 sit
1416 1259 1506 1300 sacta,
1542 1258 1579 1290 de
1604 1258 1665 1301 ejus
1690 1263 1721 1290 et

175 1306 311 1337 Herculis
336 1306 394 1337 sato
418 1305 514 1337 tristes
539 1305 597 1337 edit
622 1304 849 1348 exspectationes
874 1321 918 1326 —
943 1308 973 1335 et
1001 1304 1086 1345 infra,
1123 1310 1271 1348 comperta
1293 1305 1448 1347 Dejanirae
1477 1309 1587 1347 morte,
1622 1309 1720 1336 utrum

175 1352 249 1384 illius
274 1363 310 1384 an
334 1352 428 1384 mariti
457 1352 569 1384 malum
596 1352 707 1394 gravius
735 1351 820 1383 ducat
851 1349 977 1392 dubitat,
1015 1356 1095 1394 optat
1125 1351 1178 1383 sibi
1208 1351 1291 1383 liceat
1319 1351 1439 1392 abesse,
1477 1351 1579 1383 dubius
1609 1352 1719 1393 haeret,

175 1399 337 1430 Herculem
360 1403 508 1430 mortuum
532 1409 569 1430 ne
593 1403 691 1440 putet,
728 1408 792 1429 cum
817 1396 1000 1439 adportetur,
1037 1408 1072 1429 an
1098 1397 1190 1429 vivum
1214 1397 1307 1429 adhuc
1330 1397 1478 1430 doloribus
1502 1398 1649 1440 agitatum.
1672 1414 1721 1420 —-

174 1446 209 1477 In
233 1445 392 1477 Philocteta
415 1444 541 1488 primum
565 1444 681 1488 quidem
705 1443 813 1487 parodo
843 1443 947 1475 chorus
972 1443 1008 1475 de
1032 1444 1105 1475 illius
1129 1443 1291 1476 conditione
1317 1443 1350 1476 fit
1374 1444 1494 1487 certior,
1524 1449 1587 1477 tum
1622 1448 1720 1477 autem

175 1492 336 1524 desolatam
361 1491 423 1534 ejus
448 1491 641 1523 conditionem
671 1491 714 1523 vix
745 1489 892 1523 serendam
916 1491 1110 1533 conqueritur.
1163 1490 1295 1522 Eandem
1324 1490 1396 1523 infra
1425 1491 1510 1524 effert
1539 1491 1719 1533 sententiam,

175 1550 242 1571 cum
262 1539 323 1582 jam
347 1538 376 1570 in
401 1549 437 1570 eo
460 1543 541 1582 putat
552 1538 778 1582 Neoptolemum
804 1547 879 1578 esse,
903 1542 936 1569 ut
960 1536 1079 1570 domum
1102 1537 1182 1569 illum
1206 1537 1338 1580 deducat,
1364 1549 1430 1570 cum
1453 1538 1516 1570 solo
1528 1538 1625 1570 Ixione
1650 1548 1718 1570 eum

176 1597 262 1628 posse
292 1585 451 1628 comparari
480 1590 539 1617 tam
570 1584 620 1617 diu
650 1585 783 1617 relictum
807 1583 842 1615 ab
866 1584 1015 1625 omnibus,
1046 1585 1237 1627 omnibusque
1262 1589 1408 1617 carentem
1433 1585 1506 1617 vitae
1531 1585 1640 1627 gaudiis
1665 1595 1721 1616 ex-

176 1631 294 1673 hibens,
332 1643 391 1675 quo
421 1632 512 1673 magis
545 1632 632 1663 etiam
663 1631 815 1670 efferatur,
852 1630 929 1672 quod
958 1632 1065 1663 laetum
1097 1631 1122 1663 ei
1150 1631 1210 1673 jam
1239 1631 1464 1674 exspectandum
1487 1636 1568 1674 putat
1591 1631 1720 1663 futurum

175 1682 301 1721 tempus.
326 1696 373 1701 —
397 1679 430 1709 In
453 1678 599 1720 Antigone
624 1689 690 1710 cum
709 1678 771 1720 jam
794 1676 920 1709 Tiresiae
945 1678 1083 1721 chorique
1108 1677 1347 1709 admonitionibus
1372 1678 1479 1710 cedens
1503 1677 1604 1710 abierit
1624 1678 1720 1709 Creon

175 1725 351 1767 Antigonem
377 1725 523 1757 soluturus
548 1724 771 1768 Polynicemque
808 1724 939 1765 sepulcro
975 1724 1157 1766 conditurus,
1194 1724 1271 1768 quod
1307 1724 1394 1757 sentit
1428 1724 1578 1756 imminere
1601 1723 1720 1765 malum,

177 1771 276 1803 studet
300 1776 429 1803 avertere
453 1762 749 1825 Bacchofiocando.
804 1772 835 1802 ln
863 1771 968 1814 Oedipi
991 1771 1081 1813 Regis
1104 1771 1213 1814 parodo
1238 1770 1366 1814 exposita
1389 1770 1468 1803 urbis
1491 1770 1606 1802 miseria
1629 1781 1719 1813 prae-

177 1823 274 1850 sentes
300 1818 486 1861 saventesque
511 1817 575 1850 urbi
600 1817 769 1850 subveniant
792 1818 849 1849 Dei
873 1822 945 1849 orat.
999 1819 1071 1849 Post
1094 1828 1159 1849 cum
1182 1818 1269 1861 ipsius
1295 1817 1400 1861 Oedipi
1423 1817 1583 1861 miserrima
1606 1816 1720 1849 detecta

178 1870 222 1897 est
246 1865 381 1906 conditio,
407 1864 604 1897 acerbissimas
629 1864 666 1897 de
691 1876 724 1896 ea
749 1864 869 1896 effundit
892 1865 1034 1907 querelas.
1057 1883 1104 1888 —-
1129 1865 1230 1896 Coloni
1253 1875 1368 1897 versans
1388 1876 1455 1896 cum
1466 1868 1576 1896 metuat
1589 1863 1720 1907 Oedipus

179 1911 310 1943 Creontis
335 1910 506 1952 adventum,
538 1911 651 1942 Atticae
682 1915 776 1942 terrae
807 1910 937 1942 laudibus
962 1921 1030 1942 eum
1054 1910 1151 1942 studet
1175 1911 1287 1952 erigere
1312 1915 1342 1942 et
1365 1921 1432 1942 cum
1455 1910 1634 1942 abducantur
1656 1910 1719 1952 ejus

178 1956 252 1989 filiae
288 1961 493 2001 raptoremque
529 1961 720 2000 persequatur
750 1957 896 1999 Theseus,
933 1957 1014 1989 laetis
1046 1956 1082 1989 de
1111 1967 1225 2000 pugnae
1256 1957 1333 1989 exitu
1362 1955 1622 2000 exspectationibus
1652 1966 1719 1988 eum

178 2004 358 2046 consolatur3
388 2003 424 2037 ad
448 2008 573 2037 mortem
597 2008 695 2037 autem
718 2003 872 2036 abeuntem
896 2004 949 2047 piis
972 2003 1156 2048 prosequitur
1178 2003 1322 2047 precibus.
1351 2022 1399 2027 ——
1427 2004 1573 2037 Electram
1595 2002 1720 2047 primum
