1943 2355
961 82 1004 114 41

218 178 324 212 eodem
347 179 407 213 fere
430 180 519 213 modo
542 179 579 213 ad
601 191 669 214 eum
691 180 840 224 timorem,
870 192 958 225 quem
984 191 1052 213 mox
1081 179 1187 213 videbit
1209 179 1377 223 Dejaniram
1403 178 1584 222 percepisse,
1619 189 1657 212 ne
1680 189 1753 222 per-

219 225 357 258 niciosum
380 227 430 259 fiat
453 227 561 259 donum
590 227 701 259 marito.
760 227 811 259 1113
845 238 962 270 quoque
997 226 1076 259 chori
1111 226 1252 258 sententia
1282 226 1312 257 iu
1340 225 1502 267 Antigona,
1539 236 1607 257 eum
1641 230 1753 258 tantum

219 270 381 326 hominem,
405 272 454 316 qui
477 272 515 304 ad
537 272 614 305 bona
636 272 811 317 perficienda
833 278 931 305 utatur
954 272 1133 305 facultatibus
1157 272 1232 314 suis,
1257 272 1380 303 amicum
1404 271 1459 303 sibi
1482 281 1549 303 esse
1572 281 1606 303 ac
1628 276 1752 313 gratum,

218 320 380 352 necessario
404 319 471 351 alias
494 319 632 363 quasdam
655 325 790 363 provocat
813 320 966 363 spectatori
990 319 1160 361 sententias,
1185 296 1290 371 quippe
1315 318 1372 371 qui
1387 329 1446 350 non
1468 318 1544 351 mala
1566 322 1674 360 mente,
1699 317 1752 350 sed

218 363 310 397 divino
334 364 459 408 quodam
482 366 592 409 impetu
614 366 725 408 pulsam
747 367 804 398 1100
826 367 981 409 perfecisse
1003 366 1176 408 Antigonam
1200 365 1289 407 norit,
1321 365 1446 408 ipsisque
1478 364 1522 396 1115
1558 375 1626 396 011111
1659 375 1750 407 prae-

216 416 298 454 parat
321 410 359 443 ad
386 411 462 444 illam
483 412 645 455 Antigonae
675 412 849 456 orationem,
884 424 942 456 qua
966 412 1083 445 Creonti
1114 412 1244 455 exponit,
1281 411 1352 454 quid
1380 411 1417 443 ad
1440 409 1510 442 illud
1534 410 1695 443 faciendum
1718 421 1750 443 se

215 457 374 490 adduxerit.

307 504 445 536 Videmus
466 505 526 547 jam
550 516 586 537 ex
608 505 662 548 his,
686 506 724 538 ita
749 506 843 537 solere
866 505 1008 547 interponi
1032 505 1112 537 chori
1136 504 1269 546 carmina,
1292 509 1325 536 ut
1349 515 1385 536 ex
1407 503 1506 545 rebus,
1530 514 1606 546 quae
1626 503 1671 535 vel
1682 514 1751 535 vere

216 548 304 581 modo
328 555 390 582 acta
420 556 485 582 sunt
508 551 536 582 in
565 562 666 592 scena,
702 552 746 583 vel
775 552 863 594 11151115
895 551 974 583 011011
1004 551 1197 583 accessionem
1227 550 1400 582 antecedunt
1428 554 1508 582 extra
1536 560 1653 581 scenam
1676 554 1749 591 acta,

217 596 371 628 sententias
395 596 515 639 ducant,
544 597 587 629 his
616 608 685 630 vero
709 597 871 629 necessario
895 597 1021 649 quodam
1044 596 1132 629 modo
1156 596 1193 628 ad
1216 596 1306 639 ipsam
1337 596 1479 628 actionem
1503 594 1651 628 advertant
1673 596 1750 628 reti-

215 647 359 686 neantque
383 643 507 676 animum
532 644 700 687 spectatoris
730 644 775 676 vel
806 644 920 676 lectoris
943 643 971 675 in
995 643 1043 686 iis,
1075 654 1150 687 quae
1173 643 1235 685 jam
1263 642 1392 686 percepit
1420 641 1635 684 antecedentia,
1664 642 1749 674 simul

217 692 313 720 autem
337 699 422 732 saepe
446 690 483 722 ad
506 699 541 722 ea
564 701 632 721 eum
661 695 847 733 praeparent,
877 700 950 732 quae
971 690 1031 731 jam
1060 694 1127 721 sunt
1149 690 1321 720 insecutura.
1382 689 1471 727 Quod
1494 686 1649 731 utrumque
1681 700 1749 720 cum

216 735 290 767 varia
312 736 432 779 ratione,
457 741 519 768 tum
542 736 581 768 ita
605 736 715 769 diversa
739 736 842 780 duplici
865 735 985 768 vidimus
1004 735 1077 778 fieri,
1099 740 1132 767 ut
1155 740 1204 767 aut
1227 735 1365 767 similibus
1388 735 1435 766 ille
1459 734 1586 767 imbutus
1600 735 1748 767 sententiis

215 793 248 814 30
272 782 385 824 01101115,
410 788 459 815 3111
482 783 599 816 diversis
623 783 690 815 inde
714 783 873 835 provocatis
897 782 934 815 ad
953 794 987 815 ea
998 782 1181 825 percipienda
1205 782 1330 815 accedat.
1379 783 1422 814 lta
1442 781 1655 825 quodammodo
1679 793 1746 814 iere

214 828 269 860 dici
292 829 381 871 possit
404 830 508 861 chorus
533 829 640 861 ducere
665 829 833 881 spectatoris
858 829 1046 861 sententiam.
1084 828 1136 860 sed
1170 833 1233 860 tum
1256 830 1309 860 hoc
1331 829 1454 860 maxime
1473 828 1652 870 tenendum,
1689 839 1746 860 non

213 885 279 907 raro
302 875 340 907 ita
362 875 417 907 hoc
441 875 513 917 fieri,
538 880 569 907 ut
593 875 733 907 contraria
756 875 925 918 colligantur
948 886 964 906 3
987 879 1149 918 spectatore
1174 885 1268 916 sensa,
1293 885 1325 906 ac
1350 885 1424 918 quae
1449 874 1510 917 ipse
1533 875 1619 906 sentit
1631 875 1745 906 chorus.

213 922 316 965 Neque
341 922 407 954 satis
430 927 509 954 recte
534 922 641 954 utimur
665 922 819 964 vocabulo,
851 922 874 953 si
906 923 1007 953 ducere
1037 922 1156 953 chorum
1188 921 1307 953 dicimus
1340 926 1554 965 spectatorem3
1590 931 1657 953 nam
1687 932 1745 953 non

211 973 271 999 tam
294 973 493 1010 provocantur,
518 979 605 1011 quam
628 969 787 1000 retinentur
811 968 872 1010 ejus
896 968 1066 999 carminibus
1089 968 1154 999 talia
1178 979 1272 999 sensa.

303 1013 480 1046 Monendum
504 1019 602 1046 autem
626 1019 671 1046 est
693 1013 786 1046 adhuc
810 1014 847 1046 de
871 1014 964 1057 aliquo
989 1014 1067 1045 chori
1092 1013 1196 1055 officio,
1222 1013 1300 1056 quod
1323 1024 1381 1045 non
1403 1023 1470 1044 raro
1493 1013 1632 1055 praestari
1655 1012 1691 1044 ab
1709 1024 1745 1045 eo

210 1059 347 1092 videmus.
394 1060 451 1093 Ubi
475 1061 550 1092 enim
574 1072 622 1092 res
646 1061 684 1093 ita
708 1061 779 1103 sert,
812 1065 845 1093 ut
868 1060 1064 1103 gravissimum
1089 1060 1124 1092 sit
1148 1060 1268 1092 auditori
1291 1070 1467 1103 cognoscere
1492 1064 1522 1092 et
1544 1059 1635 1102 magis
1659 1060 1745 1092 etiam

209 1107 371 1149 perspicere
394 1107 521 1150 ipsarum
544 1118 732 1150 personarum
756 1107 883 1139 indolem
906 1118 939 1139 30
963 1107 1126 1148 501110111135,
1150 1107 1256 1138 1111111115
1281 1107 1360 1138 011011
1379 1107 1539 1150 harumque
1557 1106 1744 1148 orationibus,

210 1153 307 1196 quales
331 1164 506 1186 commorum
530 1154 645 1186 nomine
668 1154 855 1197 insignierunt
878 1153 1069 1197 grammatici,
1101 1154 1156 1185 hoc
1180 1153 1341 1196 assequitur
1370 1157 1465 1196 poeta.
1513 1153 1636 1195 Insignia
1659 1153 1744 1195 hujus

210 1200 252 1231 rei
276 1200 405 1243 exempla
434 1200 516 1232 obvia
547 1205 613 1232 sunt
636 1200 664 1231 in
693 1200 856 1243 Antigone,
892 1200 942 1232 ubi
979 1205 1095 1232 mutuae
1131 1200 1193 1242 ejus
1224 1205 1254 1231 et
1283 1200 1361 1231 chori
1391 1200 1534 1231 orationes
1565 1200 1744 1242 apertissime

210 1245 382 1287 ostendunt,
418 1246 509 1288 probe
528 1246 634 1278 sentire
652 1246 826 1288 Antigonam
841 1251 946 1289 quanta
962 1246 1102 1288 relinquat
1124 1246 1197 1277 vitae
1221 1246 1323 1287 gaudia
1346 1250 1376 1277 et
1400 1246 1567 1286 commoda,
1592 1256 1650 1288 quo
1670 1256 1742 1277 sane

210 1302 281 1334 opus
306 1296 376 1333 erat,
400 1304 437 1324 ne
461 1292 607 1324 videretur
629 1292 675 1324 illa
699 1293 784 1324 vitam
806 1304 864 1324 non
888 1292 969 1324 multi
992 1292 1169 1324 aestimatam
1193 1292 1285 1324 fratris
1315 1292 1405 1324 amori
1434 1302 1628 1324 consecrasse.
1675 1292 1743 1323 Non

209 1339 290 1370 aliter
312 1339 417 1370 mutuis
441 1339 618 1371 Philoctetae
643 1344 673 1371 et
696 1339 775 1371 chori
799 1339 891 1371 verbis
917 1336 955 1383 (5.
975 1339 993 1370 s.
1011 1336 1083 1381 sab.)
1109 1338 1277 1380 ostenditur,
1301 1343 1406 1381 quanta
1430 1339 1466 1370 sit
1488 1338 1561 1370 illius
1585 1338 1742 1370 constantia

207 1384 234 1416 in
258 1385 410 1427 propositis
433 1385 581 1426 tenendis,
612 1396 687 1428 quae
716 1397 753 1417 ne
777 1385 917 1428 speranda
941 1385 1057 1428 quidem
1080 1385 1173 1417 morbi
1197 1385 1343 1417 sanatione
1372 1384 1598 1428 liberationeque
1621 1395 1638 1416 a
1661 1384 1742 1416 malis

206 1442 281 1463 nunc
316 1431 510 1464 obtinentibus
546 1431 710 1464 labefactari
744 1432 842 1476 possit.
901 1431 1015 1464 Eodem
1047 1431 1134 1463 modo
1171 1442 1300 1463 commus
1324 1431 1457 1463 Electrae
1488 1435 1519 1463 et
1549 1431 1627 1463 chori
1656 1430 1741 1473 hujus
1781 1466 1783 1468 ,

207 1477 331 1509 animum
355 1482 385 1509 et
408 1478 436 1509 in
459 1483 572 1521 patrem
596 1478 721 1510 occisum
749 1484 778 1511 et
801 1479 829 1510 in
852 1479 977 1510 viventes
1002 1478 1093 1510 adhuc
1118 1478 1179 1520 ejus
1203 1478 1400 1509 interfectores
1425 1477 1543 1520 egregie
1567 1477 1670 1520 prodit.

203 1523 284 1555 Alios
308 1523 440 1567 ejusdem
463 1525 577 1567 generis
601 1530 700 1557 cantus
728 1525 793 1557 ideo
817 1525 938 1558 maxime
967 1525 1149 1567 interpositos
1173 1524 1318 1565 videmus,
1348 1529 1381 1556 ut
1405 1524 1571 1556 conficiatur
1594 1523 1740 1566 quodam-

204 1570 291 1602 modo
316 1576 346 1602 et
368 1571 479 1614 plenior
501 1572 552 1603 fiat
575 1583 673 1603 rerum
698 1572 845 1615 expositio.
893 1573 936 1603 lta
959 1572 1064 1604 mutuis
1089 1572 1262 1603 Tecmessae
1287 1571 1424 1614 chorique
1448 1570 1640 1609 orationibus,
1665 1581 1740 1614 quae

204 1617 345 1660 excipiunt
367 1618 522 1661 parodum.
549 1618 687 1661 efficitur,
711 1624 744 1651 ut
767 1623 797 1651 et
819 1618 932 1662 utrique
957 1618 1114 1651 accuratius
1144 1618 1194 1650 fiat
1217 1622 1334 1660 notum,
1366 1617 1435 1661 quid
1462 1622 1492 1650 et
1515 1617 1563 1660 qui
1586 1617 1740 1660 perfecerit

203 1664 286 1706 Ajax,
312 1669 341 1696 et
364 1665 517 1707 spectatori
540 1665 630 1707 magis
655 1671 813 1708 exponatur
836 1677 882 1697 res
906 1666 934 1697 in
957 1666 1121 1697 universum
1141 1665 1201 1707 jam
1231 1669 1308 1696 nota.
1364 1665 1499 1696 Similiter
1528 1664 1658 1696 cantibus
1687 1664 1738 1696 illis

201 1710 384 1753 Neoptolemi
408 1722 441 1742 ac
464 1716 614 1743 nautarum
639 1709 725 1755 (Phil.
749 1723 774 1744 v.
800 1714 867 1745 826
891 1709 970 1754 sqq.)
995 1723 1042 1743 res
1067 1711 1274 1754 spectatoribus
1294 1711 1354 1753 jam
1378 1716 1446 1742 nota
1469 1711 1558 1742 choro
1582 1710 1620 1743 ita
1644 1721 1737 1753 expo-

201 1756 286 1799 nitur,
310 1761 343 1789 ut
366 1756 448 1789 simul
472 1762 623 1790 revocetur
647 1758 800 1801 spectatori
823 1758 851 1790 in
875 1758 1010 1800 animum,
1034 1758 1086 1789 nisi
1111 1757 1235 1789 deducto
1254 1757 1371 1799 Trojam
1394 1757 1457 1800 ipso
1481 1757 1650 1798 Philocteta,
1674 1767 1738 1788 rem

201 1814 259 1835 non
285 1803 346 1836 sore
371 1804 538 1836 consectam.
587 1805 685 1844 Quam
707 1806 750 1837 rei
774 1805 931 1838 accuratius
956 1804 1141 1848 exponendae
1165 1804 1221 1836 vim
1245 1804 1304 1836 aliis
1328 1815 1445 1847 quoque
1470 1804 1550 1836 chori
1567 1803 1738 1836 carminibus

199 1850 358 1882 tribuamus
381 1861 501 1883 necesse
526 1856 579 1892 est,
604 1862 679 1894 quae
696 1863 731 1883 ea
746 1852 879 1893 maxime,
904 1863 978 1895 quae
998 1852 1059 1894 jam
1083 1856 1147 1883 ante
1172 1862 1256 1883 verae
1280 1850 1397 1883 actionis
1421 1851 1533 1883 initium
1555 1855 1622 1883 sunt
1644 1856 1737 1893 gesta,

200 1895 239 1927 ita
264 1896 413 1939 exhibent,
449 1901 481 1929 ut
512 1898 680 1940 spectatoris
709 1897 776 1930 inde
806 1898 971 1930 conficiatur
999 1897 1213 1940 quodammodo
1235 1897 1375 1939 judicium
1399 1897 1435 1928 de
1460 1897 1571 1929 tabulae
1595 1897 1735 1939 personis.

198 1942 354 1975 Laudanda
384 1954 453 1986 prae
491 1943 593 1976 ceteris
630 1944 713 1987 hujus
749 1944 792 1976 rei
828 1944 958 1988 exempla
993 1944 1071 1976 chori
1106 1943 1248 1987 quaedam
1276 1944 1401 1975 carmina
1424 1943 1453 1975 in
1475 1943 1565 1987 Ajace
1588 1943 1735 1986 pristinam

199 1989 261 2031 ejus
284 1989 478 2022 fortitudinem
496 2001 542 2033 ac
565 1990 698 2023 virtutem
734 1990 899 2034 efferentia,
935 1995 1021 2034 atque
1050 1990 1078 2022 in
1103 1990 1219 2033 Oedipo
1248 1991 1348 2033 Rege,
1385 1990 1489 2033 quibus
1518 1990 1641 2022 salutare
1671 1991 1733 2032 ejus
