1943 2355
230 0 440 65 owyt
858 51 860 53 .
1730 0 1818 33 :W
1846 0 1850 3 ·

751 418 798 460 G
825 419 875 459 A.
903 418 1205 460 KLANDERI

279 515 518 548 DISPUTATIO
555 516 641 554 QUO
676 515 786 548 Loco
824 516 1060 548 SOPHOCLES
1097 515 1268 548 CHORUM
1303 515 1481 554 EIUSQUE
1518 513 1674 547 CANTUS

869 587 1083 620 HABUERIT.
1256 585 1271 587 W

212 710 333 763 Genus
362 730 457 773 poesis
487 730 673 762 dramaticum
701 730 827 763 medium
856 735 937 763 tenet
964 731 1039 762 inter
1068 730 1178 772 epicam
1207 730 1379 773 lyricamque
1406 730 1502 762 locum
1524 730 1570 763 vel
1591 733 1743 772 utrmque

212 777 306 821 potius
330 777 466 809 continet.
516 777 589 809 Cum
613 778 689 809 enim
712 778 793 820 epica
816 782 946 809 versetur
969 777 996 808 in
1021 777 1184 809 enarrandis
1209 777 1287 809 sactis
1312 777 1443 820 satisque,
1467 776 1553 820 lyrica
1570 786 1653 807 sensa
1669 785 1743 818 pro-

212 825 345 868 loquatur
375 824 419 856 vel
447 823 534 866 ipsius
565 829 668 866 poetae
699 824 743 856 vel
772 835 890 866 eorum,
920 836 1043 867 quorum
1072 829 1168 867 partes
1198 823 1411 867 quodammodo
1435 823 1507 866 agit,
1537 822 1566 855 in
1589 821 1743 854 dramatico

212 881 319 912 genere
342 881 405 902 rem
428 870 467 902 ita
490 870 619 902 videmus
643 871 815 912 institutam,
839 875 872 902 ut
894 881 942 902 res
966 882 1023 902 non
1047 870 1195 902 audiamus
1219 870 1354 912 enarrari,
1378 870 1430 902 sed
1454 870 1514 912 geri
1538 869 1682 901 videamus
1705 868 1744 900 ita

211 915 344 960 quidem,
368 920 401 948 ut
424 916 492 968 quid
516 916 552 948 ad
575 916 662 948 talem
685 917 788 959 agendi
811 917 968 958 rationem,
992 916 1082 959 qualis
1107 916 1281 957 ostenditur,
1305 926 1443 959 personas
1466 914 1642 958 perduierit,
1666 914 1743 946 effe-

210 967 290 995 ratur
319 962 354 994 ab
385 962 462 1005 ipsis.
516 963 558 994 Ita
589 973 655 994 cum
686 963 806 995 eaedem
835 974 882 995 res
910 963 1074 1006 pertractari
1098 963 1208 1005 possint
1231 963 1312 1006 epico
1336 968 1367 995 et
1390 962 1545 994 dramatico
1567 961 1612 993 vel
1635 960 1743 1003 tragico

211 1009 336 1042 carmine
360 1007 440 1052 (nam
464 1008 613 1041 comoedia
636 1009 673 1041 ad
695 1009 779 1041 vitam
802 1010 892 1053 magis
916 1009 1025 1041 recedit
1048 1006 1208 1052 vulgarem)
1233 1009 1293 1052 ipsa
1316 1008 1454 1041 tractandi
1472 1009 1544 1041 ratio
1564 1019 1622 1040 non
1641 1006 1744 1039 eadem

212 1061 266 1088 est.
310 1055 450 1094 Quamvis
474 1056 550 1088 enim
574 1055 676 1088 eadem
700 1056 736 1088 sit
759 1067 870 1088 summa
894 1056 955 1097 lex,
986 1067 1059 1099 quae
1083 1061 1217 1099 poemate
1241 1057 1453 1098 contineantur,
1483 1055 1594 1088 vinculo
1618 1053 1744 1098 quodam

211 1102 360 1144 conjuncta
388 1113 479 1134 unum
508 1107 538 1134 et
566 1106 660 1134 totum
690 1102 798 1135 debere
828 1103 961 1142 efficere,
992 1102 1106 1145 utrique
1136 1102 1234 1144 generi
1264 1103 1300 1134 sit
1329 1113 1497 1141 commune,
1534 1106 1665 1144 apertum
1688 1105 1742 1140 est,

211 1158 326 1181 carmen
349 1148 477 1191 epicum,
505 1148 611 1192 quippe
634 1149 764 1181 reserens
787 1159 820 1181 ac
842 1159 975 1191 narrans,
999 1149 1089 1181 multa
1113 1148 1280 1190 admittere,
1311 1160 1385 1193 quae
1408 1147 1556 1191 tragoedia
1578 1158 1636 1179 non
1660 1147 1743 1186 ferat,

211 1206 278 1228 cum
304 1199 334 1228 et
360 1195 485 1228 externis
508 1195 679 1239 quibusdam
703 1196 881 1228 contineatur
903 1195 1007 1228 finibus
1031 1196 1086 1228 loci
1109 1200 1139 1228 et
1162 1196 1315 1240 temporis,
1347 1200 1377 1228 et
1399 1195 1517 1228 internis
1541 1194 1647 1237 magis,
1677 1204 1742 1226 cum

210 1242 292 1275 unius
321 1242 438 1274 actionis
470 1242 624 1275 decursum
646 1243 679 1275 iis
703 1243 770 1275 solis
793 1242 899 1276 debeat
921 1243 1047 1285 referre,
1072 1254 1146 1287 quae
1170 1243 1333 1275 necessario
1358 1242 1483 1286 quodam
1506 1241 1593 1274 modo
1617 1240 1653 1273 ad
1678 1251 1743 1273 eam

209 1289 368 1332 pertincant
389 1289 434 1321 vel
457 1300 522 1321 eam
545 1289 677 1321 efficiant.

300 1335 411 1378 Majore
436 1335 522 1368 etiam
542 1336 624 1378 jure,
655 1347 741 1379 quam
764 1335 792 1367 in
815 1336 994 1377 universum,
1031 1335 1067 1368 de
1104 1336 1214 1368 Graeca
1250 1336 1398 1379 tragoedia
1432 1336 1470 1368 ita
1504 1336 1571 1367 licet
1605 1339 1741 1367 stamen-e.

209 1382 291 1414 Haec
319 1381 396 1413 enim
428 1381 464 1413 ab
495 1393 531 1414 eo
562 1382 627 1414 inde
657 1387 804 1424 tempore,
839 1393 898 1425 quo
921 1393 988 1414 vere
1012 1382 1067 1413 hoc
1090 1382 1205 1414 nomine
1230 1382 1314 1425 digna
1338 1382 1390 1414 suit
1427 1401 1469 1404 —
1504 1380 1655 1424 Thespidis
1678 1380 1742 1413 dico

209 1432 333 1460 aetatem
355 1445 402 1450 —
425 1438 541 1472 semper
564 1428 625 1461 sere
650 1428 767 1461 easdem
778 1428 920 1465 '‘tractavit
941 1439 1005 1470 res,
1030 1439 1100 1472 quas
1125 1428 1205 1471 epica
1229 1429 1343 1472 poesis,
1366 1439 1488 1472 raraque
1512 1432 1580 1460 sunt
1602 1427 1741 1470 exempla,

209 1485 282 1527 quae
307 1479 357 1507 aut
379 1474 545 1507 historicum
569 1480 618 1507 aut
641 1475 825 1517 allegoricum
848 1475 993 1527 quoddam
1016 1480 1220 1528 argumentum
1242 1475 1404 1508 exhibeant.
1443 1476 1628 1528 Quamquam
1645 1478 1741 1506 autem

208 1520 326 1553 nimium
350 1521 451 1553 secisse
475 1521 587 1553 videtur
609 1521 795 1562 Welckerus,
820 1532 886 1553 cum
909 1522 1004 1553 omnia
1028 1522 1151 1553 carmina
1176 1522 1256 1564 epica
1280 1522 1397 1564 trilogiis
1421 1522 1561 1554 continuis
1580 1521 1616 1552 ad
1632 1524 1741 1552 certam

208 1567 351 1619 quandam
378 1568 509 1610 regulam
538 1572 691 1600 retractata
721 1567 953 1611 quoddammodo
979 1567 1104 1610 judicet,
1140 1573 1251 1600 tantum
1280 1579 1381 1600 omnes
1411 1568 1604 1608 consentiunt,
1640 1566 1742 1609 poesin

208 1613 344 1656 tragicam
374 1618 404 1645 et
433 1614 640 1650 narrationibus
672 1614 758 1657 epicis
790 1618 820 1646 et
854 1610 1117 1657 amplificationibus
1153 1614 1454 1658 immutationibusque
1489 1612 1674 1657 popularibus
1709 1623 1742 1644 ac

208 1659 313 1704 lyricis
322 1670 404 1692 usam
429 1671 493 1693 esse
518 1665 547 1693 et
570 1660 598 1693 in
621 1660 723 1693 iisdem
746 1671 862 1704 semper
884 1661 945 1693 sere
968 1665 1109 1693 versatam
1134 1671 1198 1693 esse
1223 1661 1311 1694 rebus
1335 1661 1497 1694 tractandis.
1533 1659 1668 1693 Pluribus
1687 1660 1742 1692 hoc

207 1706 343 1750 persequi
371 1706 426 1740 hoc
445 1708 520 1740 loco
547 1718 605 1739 non
634 1719 707 1750 opus
738 1712 791 1740 est.
845 1708 942 1740 Unum
971 1707 1061 1750 magis
1090 1707 1287 1740 efferendum:
1325 1708 1446 1740 eandem
1470 1708 1507 1740 ita
1531 1707 1620 1740 fuisse
1644 1707 1741 1750 epicae

207 1752 435 1807 dramaticaeque
463 1757 593 1797 'potiseos
627 1753 765 1796 indolem,
801 1758 834 1786 ut
867 1754 1015 1786 hominum
1044 1754 1350 1797 praestantissimorum
1379 1755 1424 1787 vel
1453 1755 1577 1787 heroum
1605 1753 1742 1786 efferrent

207 1799 346 1844 imagines
369 1800 507 1844 quasdam
530 1819 576 1823 —
599 1800 637 1834 ita
660 1812 738 1841 vero,
762 1805 795 1833 ut
816 1812 875 1833 non
898 1805 958 1834 tam
981 1812 1081 1833 eorum
1105 1801 1205 1834 laudes
1229 1806 1388 1845 pangerent
1411 1802 1529 1845 solaque
1549 1812 1650 1834 eorum
1668 1800 1741 1833 facta

209 1847 444 1879 excellentissima
471 1852 665 1893 exponerent,
698 1859 784 1891 quam
814 1852 945 1880 naturam
975 1852 1142 1891 sortemque
1165 1859 1233 1880 vere
1257 1849 1426 1890 humanam,
1455 1859 1531 1892 quae
1554 1848 1681 1891 quamvis
1705 1846 1742 1879 sit

196 1892 334 1937 egregia,
359 1891 504 1928 erroribus
527 1898 624 1926 tamen
648 1894 770 1927 obnoxia
793 1898 853 1936 est,
877 1894 950 1926 fines
969 1905 1037 1926 suos
1058 1905 1144 1938 saepe
1163 1895 1320 1937 egreditur,
1345 1895 1434 1927 sensis
1454 1895 1597 1938 animique
1614 1893 1742 1927 motibus

208 1938 468 1973 vehementioribus
489 1952 576 1984 supra
598 1941 716 1974 modum
740 1940 868 1985 abrepta,
892 1952 945 1973 suo
968 1940 1095 1985 quodam
1113 1941 1180 1985 jure
1203 1946 1288 1974 utens
1311 1943 1420 1985 majora
1442 1942 1598 1985 altioraque
1622 1940 1742 1974 offendit

209 1997 306 2029 saepe,
329 1987 466 2019 Deorum
478 1988 662 2031 voluntatem,
686 1988 766 2031 leges
784 1988 930 2021 universas
947 1988 1095 2021 humanas.
1133 1988 1366 2021 Consentaneum
1383 1994 1438 2032 est,
1462 1989 1540 2021 hisce
1557 2000 1615 2021 non
1632 1988 1740 2031 negari
