1943 2355
939 128 1039 170 ,4⁷

252 228 356 261 dicium
379 227 432 259 sibi
454 227 608 268 informat,
639 231 670 258 et
692 226 769 258 enim
792 236 845 268 per
868 224 982 257 fabulae
1006 225 1214 268 expositionem
1238 226 1275 258 de
1298 227 1395 259 multis
1420 228 1558 266 edoctus,
1583 239 1657 270 quae
1684 229 1790 260 chorus

253 285 310 307 non
332 274 408 306 novit
431 278 461 306 et
483 273 550 306 ideo
573 273 636 316 plus
661 272 746 314 videt,
770 272 836 315 quia
860 282 919 303 non
943 271 980 303 ad
1002 282 1050 303 res
1074 283 1192 314 prorsus
1216 283 1303 305 novas
1328 273 1438 306 accedit
1462 274 1650 316 spectandas,
1674 280 1708 306 ut
1730 275 1788 306 ille.

253 321 361 353 Taedet
384 320 513 362 exempla
536 319 582 351 illa
604 324 738 362 repetere
769 318 878 360 omnia,
916 328 990 360 quae
1020 317 1048 348 in
1072 318 1132 360 ipsa
1157 318 1355 351 dissertatione
1379 321 1615 363 composuimus:
1653 320 1786 362 sufficiet,

252 367 274 399 si
297 368 352 399 hoc
375 376 442 399 vere
466 365 596 398 obtinere
619 366 717 397 inuno
736 365 863 397 alterove
882 368 967 396 cantu
987 363 1208 406 ostenderimus,
1234 376 1321 408 quem
1335 366 1515 398 Scbreiterus
1529 377 1645 409 quoque
1658 366 1787 399 exhibuit

250 416 278 446 in
302 412 479 445 enarratione
502 412 587 444 trium
611 412 721 443 illarum
745 410 904 442 fabularum
928 410 995 441 satis
1020 410 1152 452 eleganti.
1190 412 1232 443 Ita
1256 411 1283 443 in
1308 413 1488 445 enarratione
1512 413 1687 455 Antigonae,
1712 424 1786 456 quae

250 465 379 493 ceterum
402 458 469 491 satis
491 463 571 490 recte
595 463 693 490 contra
717 457 876 500 Gruppium
900 457 989 488 multa
1014 456 1098 488 affert
1121 457 1157 489 de
1181 458 1310 490 universa
1336 459 1448 491 fabulae
1480 459 1621 492 sententia
1644 465 1785 503 recteque

250 507 312 551 ejus
349 516 477 537 errorem
511 509 591 537 notat
624 505 653 537 in
689 503 858 547 explicandis
897 503 950 535 illis
987 502 1080 535 verbis
1116 502 1217 543 κράτος
1250 504 1280 539 δ’,
1316 503 1369 545 ὅτῳ
1401 504 1502 545 κράτος
1531 509 1616 543 μέλει
1646 519 1673 537 κ.
1704 518 1728 536 τ.
1757 509 1785 539 λ,

250 565 286 586 ne
311 552 489 584 Scbreiterus
514 551 630 594 quidem
653 556 756 593 negat,
782 551 830 593 jus
853 550 1015 592 Antigonae
1039 561 1096 581 non
1120 549 1240 592 perspici
1264 561 1359 592 neque
1385 551 1451 583 satis
1476 552 1618 583 aestimari
1642 563 1659 583 a
1683 552 1783 593 choro,

250 600 341 632 donec
365 598 488 630 Tiresias
512 597 634 630 eandem
658 598 790 629 Deorum
819 608 884 629 esse
907 596 1083 628 voluntatem
1112 596 1273 628 exhibuerit
1289 594 1333 639 1).
1383 598 1533 630 Statuetne
1563 603 1675 636 autem,
1708 609 1783 630 ean-

251 646 317 678 dem
342 645 385 676 vel
410 644 545 677 debuisse
568 644 613 676 vel
637 644 764 687 potuisse
790 642 957 686 spectatoris
982 652 1047 674 osse
1072 642 1270 674 sententiam?
1303 643 1449 686 Equidem
1472 655 1530 676 non
1547 649 1628 687 puto.
1676 645 1782 688 Neque

249 691 373 734 negabit,
398 690 528 722 facillime
553 695 745 733 spectatorem
768 690 831 732 plus
855 689 998 721 videntem
1023 689 1193 720 sententiam
1216 690 1302 730 illam,
1327 701 1413 732 quam
1437 691 1558 722 maxime
1582 691 1667 722 effert
1679 696 1781 723 cantus

247 749 273 768 v.
298 738 498 770 583—630:
523 734 554 766 τό
581 734 667 766 κακὼ
693 739 782 766 δοκεῖν
808 732 979 766 ποτ’έσθλδν
1006 734 1070 773 τῷδ’
1095 736 1200 770 ἔμμεν,
1227 734 1280 775 ὅτῳ
1310 739 1415 773 Φρένας
1443 735 1510 770 θεδς
1538 735 1598 772 οἷγει
1620 736 1687 777 ‘ti-90⁸2
1708 736 1780 776 ᾅδων

248 783 283 816 ad
308 784 462 816 Creontem
485 782 581 825 potius
605 781 728 823 referre,
761 793 846 824 quam
871 781 907 813 ad
929 780 1105 822 Antigonem
1128 779 1224 823 itaque
1248 781 1367 813 chorum
1393 793 1458 814 cum
1481 788 1559 814 recta
1584 784 1699 825 sentiat,
1725 795 1782 815 non

248 835 327 864 recte
351 829 471 873 sentire,
496 839 563 860 cum
586 840 644 861 non
668 828 704 861 ad
728 839 785 860 eos.
802 828 919 868 referat,
943 827 978 860 ad
1003 838 1075 870 quos
1100 831 1162 859 erat
1191 828 1352 861 reserenda.
1377 847 1423 850 —
1452 829 1604 872 Similiter,
1635 830 1659 862 si
1682 842 1711 874 p.
1736 832 1781 862 27

249 887 301 909 suo
321 876 388 919 jure
412 876 532 908 chorum
558 874 625 908 dicit
649 874 831 907 Scbreiterus
855 874 996 915 dubitare,
1022 873 1091 917 quid
1114 874 1290 907 censendum
1314 875 1350 907 sit
1374 874 1410 907 de
1435 876 1617 909 contentione
1641 876 1695 909 ista
1708 877 1782 909 inter

249 923 395 966 Oedipum
417 933 452 954 ac
475 922 624 964 Tiresiam,
639 933 719 953 vnum
748 921 824 953 Oed.
849 920 1025 953 accusandus
1049 920 1085 952 sit
1109 921 1226 953 sceleris
1250 922 1406 965 perpetrati
1430 934 1466 954 an
1489 933 1562 964 non,
1594 923 1670 956 haud
1694 923 1782 955 dubie

248 974 335 1007 recte>
351 969 469 1010 statuit3
502 973 601 1000 nostro
626 979 693 1000 vero
713 968 780 1010 jure
804 968 887 1000 simul
911 966 1119 1009 obtinebimus,
1156 972 1347 1011 spectatorem
1383 979 1440 1000 non
1476 979 1562 1012 posse
1592 970 1669 1001 alere
1696 970 1781 1002 hasce

248 1015 453 1057 dubitationes,
490 1014 596 1058 quippe
628 1015 673 1047 cui
702 1014 809 1047 debeat
830 1024 1001 1057 persuasum
1021 1013 1081 1055 jam
1106 1024 1187 1056 esse,
1222 1026 1289 1047 vera
1325 1015 1459 1047 extulisse
1483 1015 1630 1048 Tiresiam.
1690 1017 1782 1059 Magis

248 1062 335 1094 etiam
369 1062 423 1093 hoc
454 1061 532 1093 idem
555 1062 629 1093 valet
662 1060 698 1092 de
723 1061 883 1103 posteriore
902 1060 1036 1093 carmine
1064 1060 1194 1102 chorico,
1230 1072 1256 1092 v.
1284 1062 1372 1094 1085
1381 1064 1538 1104 —-1110‚
1570 1062 1606 1094 de
1630 1074 1689 1105 quo
1713 1063 1781 1095 satis

247 1112 327 1141 recte
351 1107 450 1140 statuit
476 1107 673 1149 Scbreiterus,
705 1107 849 1150 aptissime
873 1107 947 1140 hanc
971 1106 1066 1139 efferri
1091 1117 1106 1138 a
1131 1106 1219 1146 choro
1243 1108 1436 1149 sententiam;
1475 1119 1527 1141 eos
1552 1108 1627 1141 enim
1658 1114 1779 1151 tantum,

249 1155 297 1198 qui
321 1154 357 1187 de
381 1165 413 1187 re
437 1154 595 1187 accuratius
625 1154 683 1186 sint
714 1154 824 1195 edocti,
854 1154 928 1186 mala
957 1153 1066 1186 debere
1098 1159 1265 1196 exspectare
1302 1155 1404 1186 omnia.
1459 1155 1499 1187 At
1522 1156 1585 1198 quis
1609 1157 1701 1198 magis
1725 1157 1781 1188 hoc

249 1201 357 1242 debuit,
380 1212 467 1244 quam
492 1207 650 1243 spectator,
675 1200 723 1244 qui
748 1201 842 1232 omnia
866 1200 968 1232 eadem
992 1205 1186 1243 perspexerat,
1211 1211 1285 1243 quae
1309 1200 1452 1233 Jocaste?

339 1247 488 1280 Sufficiant
511 1247 583 1280 haee
607 1247 644 1280 ad
673 1247 943 1289 demonstrandum,
980 1252 1116 1290 quantum
1141 1258 1207 1279 cum
1232 1247 1395 1280 Schreitero
1419 1249 1613 1291 consentiam,
1641 1254 1779 1292 quantum

246 1294 408 1338 quibusque
432 1294 469 1326 de
493 1294 586 1326 causis
607 1294 814 1326 discedendum
839 1294 875 1326 ab
900 1294 947 1326 illo
970 1298 1078 1337 putem.
1136 1294 1224 1332 Quod
1249 1305 1306 1337 quo
1327 1295 1393 1336 jure
1420 1295 1552 1336 fecerim,
1582 1296 1642 1337 jam
1665 1295 1780 1327 videant

247 1340 396 1383 peritiores
419 1340 504 1383 hujus
527 1340 569 1372 rei
588 1340 711 1382 judices.

272 1477 297 1507 ι)
314 1486 337 1508 p.
354 1479 403 1501 20:
424 1478 484 1501 Eine
499 1486 560 1501 neue
581 1478 712 1509 u'endung
727 1478 813 1501 nimmt
829 1478 888 1501 aber
901 1478 1020 1509 plfftzlich
1036 1478 1075 1501 die
1093 1477 1171 1500 Sache
1187 1478 1264 1501 durch
1287 1478 1333 1501 dua
1351 1479 1479 1508 Austreten
1503 1478 1545 1502 des
1564 1478 1651 1502 Schera
1673 1478 1779 1502 Tiresian

310 1524 342 1527 —
354 1511 439 1541 ,ἰείη
457 1511 518 1536 wira
534 1511 588 1535 dem
609 1511 686 1535 Chore
702 1511 766 1540 klar,
790 1511 847 1536 dau
864 1511 902 1535 εἰη
919 1511 1019 1535 Ιιόἦενεο
1037 1511 1169 1542 gffttliehes
1188 1510 1265 1535 Recht
1282 1511 1383 1535 verletzt
1399 1511 1440 1535 aei.
