1943 2355
957 79 1001 111 29

214 191 382 224 causasque,
405 190 480 224 quae
492 189 541 211 ÷eo
560 188 628 210 eum
645 176 839 220 perduxerint,
854 186 930 208 ⁴cum
947 181 978 208 et
993 187 1058 208 esse
1075 176 1260 219 Antigonem,
1284 188 1360 220 quae
1380 177 1436 209 hoc
1454 177 1554 208 fecerit
1572 182 1602 208 et
1619 177 1746 209 nobilem

214 230 276 273 ejus
300 239 368 272 erga
392 227 510 260 fratrem
533 226 661 259 amorem
684 223 776 268 probe
798 222 985 267 perspexerit.
1033 224 1136 267 Neque
1160 223 1188 255 in
1212 234 1248 256 eo
1272 224 1432 256 consentiet
1455 234 1521 256 cum
1545 223 1642 266 choro,
1666 223 1746 268 quod

213 282 312 318 postea
335 276 366 307 in
388 279 473 306 cantu
494 284 513 305 a
535 284 561 305 v.
585 273 654 305 5⁹78
676 271 826 314 incipiente
849 271 896 302 ille
920 270 1017 303 statuit
1040 270 1156 303 stultitia
1180 275 1209 302 et
1232 271 1421 315 imprudentia
1444 270 1597 314 adductam
1621 282 1685 313 esse
1708 270 1746 303 ad

213 322 270 354 hoc
292 321 400 353 lacinus
422 319 614 361 Antigonam,
644 328 731 360 quam
755 317 816 348 l’ere
837 316 962 348 eandem
985 317 1155 349 sententiam
1180 317 1266 348 etiam
1289 322 1355 360 post
1379 328 1445 349 eum
1468 317 1597 348 videmus
1620 318 1745 349 retinere

213 365 240 401 ν’.
253 369 320 402 865
335 364 393 411 (σὲ
413 365 436 397 δ’
454 363 623 402 αὐτόγνωτος
638 359 947 405 ὦλεσό’ργοι’)ῤ-·8ἰιι
971 363 1094 395 carmine
1117 362 1286 407 insequente
1310 363 1375 395 ideo
1399 374 1507 407 poenas
1530 363 1612 395 luere
1635 362 1744 396 dehere

213 415 388 458 Antigonam
411 412 508 444 statuit
532 412 651 453 chorus,
675 408 754 452 quod
776 409 909 444 Deorum
932 410 1105 442 voluntatem
1130 411 1299 453 excesserit,
1325 411 1369 443 cui
1391 422 1477 443 nemo
1501 411 1625 453 resistat,
1649 421 1745 442 veram

213 463 286 495 hanc
310 459 480 492 sententiam
504 462 647 501 spectator
675 456 760 498 longe
792 456 898 488 rectius
928 456 964 489 ad
989 457 1143 489 Creontem
1172 457 1294 499 referet,
1324 457 1416 500 probe
1447 459 1589 500 sentiens,
1620 456 1745 500 superbe

214 518 301 551 agere
324 506 415 539 multo
437 505 543 539 rectius
567 504 621 537 dici
644 507 675 535 et
697 501 893 546 imprudenter
918 504 1088 545 Creontem,
1125 500 1212 546 quam
1234 504 1430 546 Antigonem3
1466 515 1560 548 neque
1592 504 1684 546 enim,
1714 508 1747 537 ut

215 556 313 596 choro,
338 553 432 586 edicto
445 552 571 585 Tiresiae
592 549 745 595 spectatori
769 560 841 592 opus
865 554 920 593 est,
943 554 976 582 ut
999 550 1111 593 legibus
1135 550 1232 582 divinis
1256 551 1367 594 pulsam
1390 552 1484 594 egisse
1502 551 1578 583 illam
1597 551 1745 594 intelligat.

214 603 258 634 Ita
292 600 462 633 sententiam
491 598 607 642 quidem
637 597 704 630 satis
732 600 827 639 aptam
856 597 1019 640 suppeditat
1047 597 1216 640 spectatori,
1252 598 1304 630 sed
1333 598 1370 630 illi
1398 598 1549 630 reserenda
1560 610 1609 641 ‚ea
1637 603 1683 631 est
1709 596 1746 630 ad

214 647 298 680 aliam
321 657 484 690 personam,
509 656 575 678 cum
598 645 689 687 magis
712 654 775 675 rem
798 644 997 686 perspexerit3
1021 644 1138 675 minime
1162 644 1256 686 igitur,
1281 645 1408 688 quamvis
1432 646 1510 677 chon'
1535 656 1648 677 servans
1673 655 1745 677 sen—

214 694 349 736 tentiam,
380 704 446 726 cum
469 703 505 725 eo
530 691 679 724 consentit.
738 690 804 722 Non
828 689 909 721 aliter
932 690 961 722 in
984 690 1142 722 Philocteta
1166 691 1287 723 multum
1310 691 1430 723 recedet
1453 702 1469 723 a
1493 692 1571 723 chori
1595 691 1745 732 sententia,

216 741 264 784 qui
288 741 400 773 fabulae
423 740 542 772 interest
565 737 748 781 spectandae,
772 747 838 769 cum
861 736 940 779 quod
963 736 999 769 ab
1018 738 1119 780 Ulysse
1143 743 1314 783 conceptum
1338 744 1382 770 est
1406 738 1552 770 consilium
1576 750 1591 770 a
1610 739 1746 781 Neopto-

215 787 292 819 lemo
316 786 523 829 perficiendum
548 785 594 816 ille
617 783 728 816 noverit
750 793 804 825 per
835 784 1057 824 expositionem,
1088 784 1192 815 chorus
1216 789 1314 815 contra
1338 796 1395 816 non
1420 785 1487 816 satis
1510 786 1687 828 perspexerit
1710 784 1746 816 ab

214 833 309 874 initio,
341 832 365 864 si
393 832 510 876 quidem
540 831 644 863 chorus
673 828 814 873 putandus
845 833 889 860 est
919 840 1015 861 veram
1039 830 1169 873 proloqui
1193 830 1277 862 animi
1301 831 1493 872 sententiam;
1528 831 1578 863 ubi
1601 832 1676 863 enirn
1700 831 1746 862 ille

212 880 273 923 jam
295 879 408 912 finitum
436 879 470 910 iri
492 878 669 910 Philoctetae
700 875 814 908 labores
844 880 954 918 sperat,
990 876 1183 909 misericordia
1210 877 1305 919 potius
1329 877 1400 909 Phil.
1425 877 1570 909 tenebitur
1594 882 1746 920 spectator,

215 937 282 958 cum
306 930 335 957 et
358 936 424 957 cum
448 926 535 957 choro
560 925 596 956 de
621 923 777 956 constantia
800 922 850 954 viri
873 923 978 954 certior
1001 924 1037 954 sit
1061 923 1150 955 sactus
1175 928 1205 955 et
1228 924 1371 956 machinas
1394 925 1505 956 noverit
1527 925 1636 967 Ulyssis
1659 935 1747 967 pror-

216 983 324 1016 susque
347 970 499 1016 persp‘iciat
522 971 683 1003 simulatam
706 968 889 1012 Neoptolemi
919 969 1022 1012 agendi
1049 970 1204 1012 rationem,
1241 970 1388 1003 consilium
1417 982 1518 1003 verum
1548 971 1586 1003 ita
1614 970 1747 1014 tegentiS,

215 1024 248 1052 ut
271 1030 337 1051 cum
360 1019 464 1051 chorus
488 1023 595 1061 speret,
618 1018 733 1060 utrique
756 1016 832 1048 hene
856 1027 1015 1059 cessurum,
1039 1017 1233 1060 Neoptolemo
1257 1028 1290 1049 ac
1307 1018 1493 1060 Philoctetae,
1518 1023 1662 1061 spectator
1684 1018 1748 1061 plus

215 1065 313 1097 videns
338 1065 403 1096 satis
422 1065 569 1106 intelligat,
594 1064 724 1095 fraudem
741 1063 823 1103 hanc,
847 1073 934 1104 quam
949 1063 1009 1104 jam
1027 1068 1241 1108 perpetraturus
1259 1064 1372 1096 videtur
1388 1065 1608 1107 Neoptolemus,
1631 1075 1748 1107 prorsus

216 1122 274 1143 non
298 1110 446 1143 serendam
471 1121 535 1142 esse
559 1110 756 1151 Philoctetae,
780 1109 869 1140 laetas
893 1107 989 1151 itaque
1013 1109 1129 1151 chorus,
1154 1109 1328 1141 tristissimas
1352 1110 1400 1142 alit
1426 1115 1571 1153 spectator
1594 1114 1748 1153 exspecta-

217 1158 329 1199 tiones,
366 1169 462 1201 neque
490 1157 570 1190 facile
601 1157 732 1200 cuiquam
762 1154 997 1199 persuadebitur,
1033 1156 1124 1188 laetos
1153 1156 1276 1188 voluisse
1301 1157 1475 1200 Sophoclem
1505 1157 1580 1201 apud
1603 1157 1748 1189 auditores

217 1205 339 1237 excitare
370 1216 488 1246 sensus,
519 1215 584 1236 cum
614 1204 651 1235 ita
681 1203 791 1235 videret
814 1201 960 1234 fraudibus
984 1207 1014 1238 et
1038 1203 1174 1236 simulatis
1198 1203 1336 1235 amicitiae
1361 1204 1539 1236 documentis
1563 1204 1669 1236 circum
1692 1204 1747 1247 agi.

218 1251 352 1283 Similiter
380 1251 408 1282 in
432 1250 588 1282 Trachiniis
611 1261 669 1282 non
696 1253 793 1292 potest
821 1259 887 1280 cum
916 1248 1004 1280 choro
1033 1259 1117 1281 verus
1146 1254 1289 1293 spectator
1317 1250 1393 1282 bona
1422 1251 1516 1282 omnia
1542 1255 1709 1293 exspectare
1732 1261 1748 1282 a

216 1302 294 1330 veste
321 1297 383 1340 illa,
414 1308 501 1341 quam
530 1296 607 1329 dono
637 1296 754 1328 miserat
782 1294 901 1327 Herculi
927 1295 1063 1338 Dejanira
1091 1297 1176 1328 Nessi
1207 1306 1309 1328 cruore
1345 1297 1482 1338 tincta1n3
1518 1297 1637 1340 quilibet
1671 1297 1748 1328 enim

218 1348 363 1387 spectator
393 1344 521 1375 Graecus
548 1343 615 1375 satis
644 1347 762 1375 noverat
791 1342 853 1384 ejus
884 1342 939 1373 lata
969 1342 1064 1385 itaque
1096 1343 1229 1384 tenebat,
1265 1348 1297 1375 ut
1325 1355 1382 1375 non
1412 1349 1511 1387 posset
1542 1344 1571 1376 in
1594 1343 1748 1387 spectanda

216 1390 346 1434 ejusdem
370 1390 529 1432 argumenti
553 1389 647 1421 sabula
670 1400 771 1421 eorum
796 1387 930 1430 oblivisci,
953 1389 1121 1431 praesertim
1146 1400 1211 1421 cum
1231 1390 1291 1432 jam
1309 1389 1337 1420 in
1357 1390 1532 1433 expositione
1551 1390 1657 1422 oraculi
1675 1390 1748 1422 sacta

215 1437 361 1470 mentione
385 1437 422 1469 de
444 1437 487 1469 rei
512 1437 588 1469 exitu
619 1436 744 1480 quodam
773 1434 860 1468 modo
890 1435 996 1467 certior
1027 1441 1105 1468 esset
1134 1436 1234 1468 factus.
1294 1436 1493 1470 Conlerendus
1522 1436 1569 1469 hic
1599 1441 1748 1481 praeterea

216 1484 295 1524 chori
318 1488 417 1516 cantus
441 1484 470 1515 in
488 1485 603 1515 Electra
628 1483 732 1525 sabula,
755 1483 805 1514 ubi
828 1483 923 1525 paullo
948 1488 1013 1515 ante
1036 1483 1123 1525 ipsius
1145 1483 1257 1515 Orestis
1275 1484 1469 1517 accessionem
1493 1484 1596 1517 acerbe
1620 1484 1749 1529 queritur

216 1529 378 1562 desolatum
401 1530 536 1561 Electrae
560 1533 680 1571 statum,
712 1539 800 1572 quem
824 1528 890 1560 satis
914 1528 992 1560 novit
1016 1533 1159 1571 spectator
1182 1540 1239 1560 non
1262 1540 1330 1561 vere
1354 1530 1496 1571 obtinere,
1520 1541 1585 1561 cum
1610 1530 1749 1572 expositio

217 1576 290 1609 sacta
314 1576 349 1609 sit
372 1587 425 1620 per
447 1576 541 1620 ipsum
565 1576 654 1608 illum.
712 1576 758 1608 Eo
787 1585 856 1607 vero
889 1575 967 1619 ipso,
1004 1575 1083 1619 quod
1107 1575 1142 1608 de
1167 1576 1228 1619 ejus
1252 1575 1347 1608 reditu
1367 1576 1427 1619 jam
1451 1587 1526 1609 nunc
1551 1587 1651 1610 omnes
1674 1576 1751 1609 videt

217 1623 381 1667 desperare,
406 1623 450 1655 vel
474 1623 595 1655 maxime
620 1622 657 1654 ad
679 1622 902 1655 misericordiam
927 1628 1123 1654 commovetur
1146 1623 1313 1665 spectatoris
1338 1624 1467 1666 animus,
1491 1624 1544 1656 sed
1566 1629 1666 1667 aperte
1690 1624 1749 1658 aliis

217 1669 254 1703 de
278 1669 380 1711 causis,
404 1680 491 1713 quam
515 1679 588 1712 quae
613 1668 733 1700 chorum
756 1672 881 1701 movent.
928 1669 961 1700 In
983 1668 1073 1710 Ajace
1097 1679 1213 1712 quoque
1237 1674 1303 1711 post
1325 1670 1484 1702 orationem
1504 1670 1589 1711 illam,
1614 1681 1671 1713 qua
1690 1670 1749 1712 jam

216 1716 360 1760 placatum
383 1720 413 1748 et
435 1716 617 1749 immutatum
640 1726 725 1748 suum
752 1715 876 1748 animum
905 1715 1052 1758 professus
1075 1715 1164 1760 Ajax,
1198 1715 1300 1748 chorus
1330 1715 1518 1752 laetabundus
1548 1721 1578 1750 et
1597 1717 1750 1757 *exsultans

218 1763 255 1795 de
279 1763 375 1805 Ajacis
398 1767 492 1795 morte
516 1773 634 1805 prorsus
657 1773 716 1794 non
740 1762 855 1804 cogitat,
880 1762 933 1794 sed
955 1762 1029 1794 laeta
1054 1762 1148 1794 omnia
1172 1768 1335 1805 exspectat3
1360 1763 1408 1806 qui
1432 1768 1529 1796 autem
1546 1764 1637 1806 magis
1655 1774 1751 1795 veram

218 1808 281 1851 ejus
305 1809 475 1841 sententiam
498 1808 645 1851 perspexit
666 1819 724 1840 non
748 1808 787 1840 ita
810 1807 972 1849 obscuram,
996 1819 1081 1840 verus
1105 1813 1262 1851 spectator,
1287 1809 1354 1840 nihil
1377 1814 1474 1852 potest
1497 1814 1674 1852 exspectare,
1697 1810 1751 1841 nisi

217 1855 404 1888 voluntariam
428 1855 490 1899 ejus
512 1859 647 1887 mortem.
706 1854 839 1887 Alterum
862 1854 908 1887 hic
931 1854 1040 1887 accedit
1063 1859 1278 1898 argumentum,
1303 1866 1362 1899 quo
1386 1867 1443 1888 non
1466 1856 1506 1888 ita
1530 1867 1594 1892 esse
1617 1860 1751 1889 statuen-

220 1900 289 1934 dum
313 1902 473 1935 luculenter
496 1902 681 1945 ostendatur,
705 1906 737 1934 ut
764 1902 918 1934 voluerunt
946 1902 993 1933 illi.
1053 1901 1193 1942 Videmus
1224 1903 1299 1935 enim
1327 1914 1381 1947 per
1409 1908 1501 1936 totam
1528 1903 1601 1935 hanc
1626 1902 1752 1936 fabulam

219 1948 298 1982 chori
321 1949 446 1982 carmina
469 1949 590 1984 maxime
615 1960 650 1982 ea
674 1948 818 1991 exhihere,
844 1959 918 1992 quae
941 1949 999 1983 sibi
1020 1960 1056 1981 ex
1078 1948 1174 1992 Ajacis
1199 1949 1361 1983 conditione
1385 1961 1460 1984 nunc
1483 1950 1630 1984 obtinente
1654 1955 1751 1983 ortura

219 2006 284 2028 esse
314 1995 359 2028 ille
389 1996 507 2040 sentiat,
538 1996 641 2040 quibus
664 1995 779 2029 brevius
802 1996 973 2039 plerumque
997 1995 1122 2039 additur,
1154 1996 1233 2040 quod
1257 1997 1419 2030 universum
1443 1997 1512 2042 quid
1535 1997 1623 2041 spiret
1646 1998 1749 2041 potius.
