1943 2355
848 136 1138 193 -AE‘
1487 148 1525 190 ι

1451 191 1477 220 0

318 333 384 365 Non
413 342 532 375 possum
561 330 648 363 hasce
670 327 799 372 plagulas
829 339 846 360 e
869 328 1000 361 manibus
1024 329 1172 371 emittere,
1202 329 1271 372 quin
1293 329 1350 361 hoc
1373 329 1437 361 loco
1461 329 1638 361 mentionem
1660 328 1762 363 faciam

228 378 431 411 dissertationis
455 382 538 410 acute
562 381 593 409 et
615 376 764 418 eleganter
786 375 924 418 scriptae,
948 385 1022 418 quae
1051 375 1129 407 idem
1152 386 1185 406 ac
1209 376 1279 407 haec
1302 380 1405 408 tractat
1427 381 1645 418 argumentum,
1671 376 1763 410 serius

226 430 323 459 autem
346 425 415 458 mihi
442 425 525 458 allata
554 427 615 465 est,
639 430 727 465 quam
749 425 782 454 ut
804 421 841 453 ad
863 421 1071 455 retractandam
1094 422 1140 454 hic
1163 422 1217 454 illic
1240 432 1336 454 meam
1360 422 1640 455 dissertatiunculam
1662 433 1698 454 ea
1719 423 1762 456 uti

205 473 371 516 «potuerim
395 488 440 495 --
464 469 618 504 Sohret'teri
640 469 704 500 dico
728 468 950 511 disputationem
973 469 1010 500 de
1034 470 1123 501 choro
1147 469 1255 510 tragico
1280 469 1356 512 apud
1380 470 1555 512 Sophoclem
1572 466 1616 510 1).
1665 469 1762 507 Quam

226 523 259 551 ut
280 518 404 562 primum
428 516 573 560 conspexi,
597 525 689 558 paene
714 525 750 547 eo
774 513 929 558 perductus
953 526 1028 557 sum,
1050 520 1083 547 ut
1108 515 1343 557 supprimendum
1363 520 1495 558 putarem
1513 526 1613 548 meum
1630 526 1762 557 opuscu-

226 566 296 598 lum.
355 564 414 597 Sed
449 569 480 597 et
513 562 660 607 promissis
696 565 759 594 erat
792 560 926 594 standum
959 572 1055 605 neque
1083 562 1167 605 plane
1197 572 1408 604 supervacanea
1437 562 1587 595 videbatur
1614 572 1687 595 nova
1719 563 1762 595 rei

225 611 376 652 tractatio;
410 615 491 642 erant
514 610 592 642 enim
614 608 765 649 nonnulla,
795 618 891 650 neque
916 618 950 639 ea
974 608 1011 639 ad
1034 619 1176 639 summam
1201 609 1400 650 quaestionem
1423 609 1578 650 levissima,
1603 609 1631 640 in
1655 608 1762 653 quibus

226 657 433 689 discedendum
456 655 525 688 mihi
547 653 681 688 videbam
704 665 721 686 a
745 653 793 685 viri
818 653 894 686 docti
913 653 1030 696 judicio.
1078 655 1232 686 Praeterea
1256 659 1353 686 autem
1376 659 1437 687 tota
1460 666 1582 698 operum
1605 656 1678 688 ratio
1703 665 1761 687 non

227 704 343 747 paulum
373 703 486 736 diversa
510 706 564 735 est.
624 701 699 733 Cum
727 700 804 733 enim
834 700 881 733 ille
910 700 1033 732 maxime
1064 700 1092 732 in
1120 701 1285 734 universum
1315 706 1420 734 statuat
1451 707 1481 734 et
1511 702 1547 734 de
1577 713 1689 735 summa
1718 703 1762 734 rei

226 751 350 794 tragicae
379 754 410 783 et
436 750 473 783 de
504 748 583 782 chori
611 748 740 790 ratione,
776 747 886 790 singula
914 746 953 779 ita
979 751 1090 780 tantum
1121 747 1271 791 adjungat,
1306 753 1340 780 ut
1367 749 1503 782 enarratis
1535 749 1625 781 tribus
1658 749 1761 782 sabulis

226 798 364 830 lec-torem
392 797 486 839 ipsum
515 796 632 839 jubeat,
668 794 778 836 singula
815 794 881 826 inde
910 793 964 825 sibi
995 794 1184 836 depromere,
1220 806 1285 827 mea
1314 796 1519 838 qualiscunque
1549 806 1638 838 opera
1664 797 1693 827 in
1724 806 1762 828 eo

226 844 347 876 maxime
376 847 486 875 versata
517 847 578 885 est,
605 845 647 873 sut
675 840 790 885 qualem
819 844 935 873 secutus
965 840 1001 872 sit
1025 841 1182 885 Sophocles
1207 846 1237 874 et
1259 842 1287 873 in
1312 841 1450 885 eligendis
1475 842 1554 874 chori
1576 842 1707 885 personis
1731 846 1762 875 et

226 891 256 923 in
277 890 491 933 interponendis
515 890 577 932 ejus
602 887 774 921 carminibus
799 887 1011 931 afficiendisque
1040 899 1093 931 per
1116 898 1151 920 ea
1175 893 1370 931 spectatorum
1395 889 1495 921 animis
1518 890 1669 931 rationem,
1693 889 1761 932 ipsis

225 936 437 979 tragoediarum
463 936 600 978 exemplis
625 934 756 967 studeam
786 934 993 966 demonstrare.
1028 935 1129 967 Altera
1151 934 1237 977 igitur
1260 935 1376 967 alterius
1401 936 1645 978 complementum
1662 936 1760 979 quod-

226 982 291 1016 dam
314 982 527 1027 quodammodo
551 985 606 1014 est.

316 1029 364 1062 Ad
386 1041 434 1062 res
457 1030 504 1062 illa
527 1027 727 1062 dissertatione
750 1032 884 1061 tractatas
908 1026 986 1072 quod
1009 1028 1119 1071 attinet,
1144 1028 1168 1060 si
1191 1028 1316 1061 breviter
1336 1028 1476 1071 judicium
1493 1040 1592 1061 meum
1609 1040 1761 1072 exponen-

226 1076 296 1109 dum
319 1081 378 1118 est,
414 1087 481 1108 cum
508 1075 646 1108 universis
676 1074 746 1116 illis,
781 1086 855 1117 quae
888 1080 954 1107 sunt
985 1073 1022 1107 de
1050 1086 1083 1107 re
1113 1075 1220 1117 tragica
1250 1075 1393 1108 subtiliter
1423 1075 1583 1117 disputata,
1618 1076 1762 1118 plerisque

226 1121 357 1155 omnibus
394 1122 551 1165 consentio,
587 1121 640 1154 nisi
676 1120 755 1164 quod
789 1121 912 1154 maxime
948 1121 984 1154 de
1022 1132 1058 1154 eo
1088 1126 1158 1165 puto
1189 1121 1418 1155 dissentiendum
1442 1132 1524 1165 esse,
1561 1121 1640 1166 quod
1662 1127 1761 1155 contra

227 1169 386 1213 Gruppium
409 1174 517 1213 pugnat
541 1169 738 1211 Schreiterus,
775 1169 824 1212 qui
854 1173 1047 1212 spectatorem
1070 1169 1171 1201 altiore
1195 1169 1260 1201 loco
1285 1180 1350 1202 esse
1374 1169 1516 1212 positum,
1549 1180 1636 1213 quam
1661 1180 1761 1202 omnes

227 1216 339 1248 fabulae
363 1227 501 1258 personas
526 1221 556 1247 et
579 1221 699 1257 agentes
724 1220 754 1246 et
777 1216 903 1246 choricas
932 1220 1111 1258 exposuerat.
1159 1217 1263 1257 Neque
1288 1216 1378 1256 enim,
1403 1226 1475 1258 quas
1497 1216 1615 1258 respicit
1636 1217 1761 1247 rationes

228 1261 358 1305 Gruppii,
394 1261 473 1306 quod
505 1265 535 1294 et
564 1272 613 1294 res
639 1265 760 1304 agantur
782 1261 936 1305 spectatori
961 1260 1073 1294 aliunde
1097 1272 1114 1294 e
1139 1260 1240 1294 fabulis
1264 1261 1393 1306 mythicis
1418 1261 1486 1294 satis
1510 1267 1611 1305 notae,
1647 1267 1678 1295 et
1699 1262 1762 1306 ipse

227 1309 360 1342 liberiore
385 1309 479 1342 animo
503 1309 576 1342 adsit
599 1310 642 1342 rei
665 1308 849 1352 spectandae,
874 1320 960 1352 quam
978 1321 1052 1353 quae
1069 1314 1157 1352 agunt
1176 1320 1329 1352 personae,
1354 1309 1387 1341 iis
1406 1310 1473 1342 satis
1492 1310 1632 1351 gravitatis
1650 1310 1763 1342 videtur

227 1356 370 1396 tribuisse,
394 1366 490 1398 neque
515 1356 581 1387 satis
606 1356 698 1398 attigit
722 1356 814 1396 aliam,
839 1356 997 1397 graviorem
1022 1356 1108 1387 etiam
1132 1355 1259 1396 forsitan,
1284 1355 1364 1398 quod
1387 1356 1565 1397 expositione
1590 1356 1701 1387 fabulae
1725 1355 1762 1387 de

227 1401 322 1434 multis
346 1401 469 1433 docetur
492 1406 654 1445 spectator,
686 1411 764 1444 quael
783 1412 867 1433 verae
890 1412 1031 1444 personae
1055 1406 1134 1433 certe
1158 1412 1216 1432 non
1240 1412 1342 1433 omnes
1367 1401 1556 1444 comperiunt.
1615 1401 1762 1444 Exemplis

226 1447 334 1492 optime
357 1458 421 1481 rem
445 1448 643 1481 conficiemus.
703 1447 734 1480 Si
762 1448 824 1492 quis
854 1448 964 1481 accedit
993 1448 1029 1481 ad
1053 1447 1200 1491 Oedipum
1223 1449 1338 1491 Regem
1362 1448 1549 1492 spectandum
1573 1453 1677 1487 tenens
1700 1448 1762 1492 ejus

225 1495 372 1528 historiam
395 1495 563 1538 mythicam,
587 1508 657 1528 num
681 1495 738 1537 ille,
763 1496 859 1528 audito
883 1495 1000 1538 quidem
1024 1496 1130 1528 oraculi
1152 1506 1305 1538 responso,
1329 1496 1387 1528 ulla
1409 1496 1520 1529 ratione
1543 1497 1650 1538 poterit
1673 1495 1761 1528 dubi-

225 1546 303 1583 tare,
332 1541 393 1573 Laii
415 1542 645 1584 interfectorem,
676 1552 764 1585 quem
787 1542 922 1585 persequi
942 1541 1027 1584 jubet
1049 1541 1135 1582 illud,
1165 1542 1259 1584 ipsum
1289 1552 1355 1574 esse
1379 1541 1553 1585 Oedipum?
1611 1543 1714 1574 Nonne
1737 1541 1761 1573 si

226 1587 323 1621 audiet
345 1592 446 1631 postea
470 1592 500 1620 et
523 1589 671 1622 Jocastem
696 1593 726 1621 et
748 1589 842 1632 ipsum
867 1588 1013 1632 Oedipum
1037 1588 1219 1621 oraculorum
1250 1588 1417 1632 gravitatem
1446 1600 1499 1633 pro
1526 1589 1612 1622 nihilo
1642 1588 1761 1632 habere,

227 1646 313 1679 quam
331 1635 455 1678 graviter
473 1636 613 1679 fallantur,
638 1648 705 1669 cum
723 1636 914 1669 misericordia
936 1635 1061 1668 sentiet?
1085 1647 1191 1678 nonne,
1216 1647 1282 1668 cum
1306 1636 1511 1669 arcessendum
1530 1641 1610 1668 curat
1630 1636 1761 1679 Oedipus

226 1686 372 1725 pastorem
396 1682 485 1724 illum,
510 1692 635 1726 cumque
659 1683 776 1715 accedat
799 1683 856 1723 ille,
881 1682 934 1714 alia
953 1683 1047 1714 omnia
1065 1682 1183 1714 debebit
1202 1687 1380 1725 exspectare,
1405 1693 1439 1715 ac
1458 1683 1591 1715 dramatis
1608 1693 1761 1726 personae,

226 1732 346 1772 excepta
368 1727 487 1771 quidem
509 1728 653 1762 Jo'caste?
712 1728 806 1772 Quid,
842 1729 865 1761 si
894 1728 922 1760 in
946 1729 1101 1761 Trachiniis
1125 1729 1202 1761 videt
1224 1729 1393 1773 Dejaniram
1417 1735 1527 1763 vestem
1549 1729 1636 1762 Nessi
1659 1740 1760 1762 cruore

225 1775 342 1808 tinctam
364 1776 484 1807 Herculi
506 1776 632 1819 mittere,
655 1788 725 1809 num
748 1776 853 1820 poterit
872 1776 975 1808 eadem
994 1787 1121 1819 sperare,
1146 1787 1220 1819 quae
1232 1777 1379 1820 Dejanira,
1404 1789 1478 1820 quae
1496 1776 1622 1810 chorus?
1656 1778 1761 1808 Nonne

225 1821 329 1854 sentiet
352 1826 417 1853 ante
441 1832 542 1854 omnes
565 1834 716 1865 personas,
741 1833 811 1867 quas
834 1822 911 1855 videt
933 1833 1030 1865 agere,
1056 1822 1125 1866 quid
1142 1823 1293 1855 allaturum
1317 1823 1353 1855 sit
1375 1823 1510 1866 perniciei
1533 1823 1642 1856 donum
1665 1821 1761 1855 illud?

227 1868 363 1901 Similiter
385 1867 517 1900 dubitare
541 1880 659 1912 prorsus
683 1881 741 1902 non
764 1874 861 1913 potest
884 1874 1044 1912 spectator,
1082 1869 1131 1913 qui
1161 1869 1239 1901 novit
1269 1869 1331 1913 ejus
1355 1870 1519 1912 historiam,
1555 1870 1623 1914 quid
1646 1874 1762 1902 acturus

227 1915 264 1947 sit
285 1915 368 1957 Ajax,
392 1926 458 1947 cum
482 1915 560 1947 audit
584 1917 689 1949 claram
712 1917 777 1960 ejus
801 1916 969 1957 orationem,
993 1928 1050 1959 qua
1073 1921 1216 1948 mutatum
1240 1917 1358 1959 exponit
1381 1917 1515 1949 animum.
1569 1917 1624 1949 Vel
1648 1917 1671 1949 si
1693 1916 1762 1949 vidit

224 1961 255 1993 in
287 1962 422 1993 Electrae
461 1962 638 2005 expositione
672 1968 855 2006 praesentem
886 1963 1039 2006 Orestem,
1075 1963 1238 2006 profectum
1276 1963 1359 1995 illum'
1387 1963 1424 1996 ad
1451 1963 1644 1996 ulciscendam
1673 1963 1761 2007 patris

249 2056 275 2088 ι)
293 2057 354 2082 Eine
370 2046 539 2091 Abha'udlmtg
555 2059 596 2084 des
616 2059 705 2084 Ductor
723 2059 845 2084 &breim-
861 2060 920 2084 αὖα·
935 2059 982 2084 den
999 2059 1141 2091 tragiechen
1160 2060 1224 2084 Clam·
1241 2060 1283 2085 deu
1301 2060 1439 2092 Sopkoklee.
1474 2059 1621 2092 Μαι-ς
1639 2062 1712 2085 1840.
