1943 2355
929 93 974 125 26

184 193 304 237 hymnus
334 192 381 224 ille
406 192 467 234 jam
494 201 579 234 supra
608 189 738 223 laudatus
770 190 835 223 huic
865 190 930 222 usui
956 188 1120 221 inserviunt.
1172 187 1303 220 Sufficiet
1330 188 1419 222 verbo
1447 190 1610 234 monuisse,
1639 190 1716 235 apud

183 238 353 282 Euripidem
376 249 434 271 non
456 249 532 280 raro,
556 241 589 270 ut
612 237 641 269 in
663 237 838 280 Phoenissis,
862 237 944 270 aliter
966 246 1028 268 rem
1052 245 1084 267 se
1107 233 1231 277 habere3
1255 234 1303 279 qui
1320 246 1387 269 cum
1404 247 1472 279 non,
1495 241 1529 269 ut
1547 238 1716 281 Sophocles,

183 296 300 328 semper
323 285 359 317 ad
377 285 456 317 chori
473 289 568 328 partes
587 283 763 326 subeundas,
787 295 838 316 eos
857 284 952 326 eligat,
977 282 1025 325 qui
1041 281 1141 313 adesse
1160 281 1373 324 quodammodo
1391 283 1509 326 debent,
1533 283 1586 316 sed
1603 284 1717 317 aliunde

181 337 325 373 arcessat,
355 331 464 374 parodo
492 341 580 373 saepe
610 329 638 361 id
667 330 792 363 maxime
821 330 940 362 chorum
971 328 1053 371 fingit
1081 327 1267 370 efferentem,
1302 328 1351 372 qul
1377 328 1415 361 ad
1437 330 1577 363 actionem
1600 330 1718 364 accedat

181 389 275 421 quove
299 378 412 410 vinculo
436 377 604 419 conjunctus
629 377 666 409 sit
687 388 755 409 cum
779 376 892 409 fabulae
915 375 1054 419 personis.

274 437 317 468 Ita
342 437 365 468 si
388 436 415 467 in
439 435 550 467 actione
575 446 691 478 semper
714 440 843 468 versatur
862 435 977 476 chorus,
1001 443 1146 476 nunquam
1166 432 1225 465 sere
1243 432 1282 465 ita
1303 443 1371 466 eum
1389 433 1518 467 videmus
1535 435 1715 478 instructum,

181 487 215 516 ut
238 482 354 515 actionis
378 481 521 526 particeps
542 481 608 525 jure
632 481 723 525 possit
750 481 820 525 dici,
850 482 911 523 vel,
943 481 966 513 si
989 479 1091 513 actioni
1115 490 1182 512 eum
1206 479 1346 513 interesse
1369 479 1468 524 negari
1491 480 1635 515 interdum
1657 493 1715 515 nou

181 534 287 573 potest,
311 530 350 561 ita
372 539 490 572 semper
510 529 578 571 agit,
600 533 634 561 ut
657 529 780 561 maxime
804 528 934 561 convenit
958 526 1019 569 ejus
1043 526 1188 569 personis,
1212 526 1371 569 prudenter
1393 532 1424 560 et
1446 528 1587 561 modeste.
1644 530 1716 562 Fert

182 576 257 608 enim
287 576 324 607 ita
351 575 413 618 jam
441 575 484 606 rei
513 579 635 616 natura3
671 586 730 607 non
759 575 868 616 solent,
904 573 952 617 qui
982 573 1018 605 ad
1047 583 1133 615 reges
1162 573 1235 604 sorte
1264 573 1405 614 accedunt
1427 579 1545 617 agentes
1569 586 1586 607 e
1608 576 1716 619 populo

181 622 326 663 homines,
358 626 470 654 tantum
500 621 553 653 sibi
584 632 714 664 sumere,
747 626 779 653 ut
807 626 905 653 contra
933 620 979 652 illa
1008 623 1113 662 agant3
1150 619 1202 651 sed
1230 619 1253 650 si
1283 619 1352 663 quid
1384 619 1438 652 sibi
1460 621 1592 654 videntur
1613 622 1715 655 melius

179 669 360 712 perspicere,
397 667 520 700 suadere
551 679 602 700 eos
632 668 783 711 agentibus
814 673 843 700 et
875 667 1084 699 communicare
1114 676 1180 698 cum
1206 665 1240 697 iis
1270 666 1384 699 consilia
1413 671 1637 700 consentaneum
1660 673 1715 711 est,

179 715 247 746 alias
271 719 369 746 autem
393 714 556 746 consentire
581 725 647 746 cum
670 714 722 746 illis
748 718 834 757 atque
864 714 920 745 hoc
943 712 1094 752 exhibere,
1126 712 1169 743 vel
1193 711 1235 743 rei
1259 716 1348 744 status
1371 713 1561 756 pernoscendi
1584 713 1716 757 cupidine

179 760 282 793 ductos
305 760 484 803 interrogare
510 771 561 792 eos
591 771 624 792 ac
650 760 723 793 velle
751 760 864 801 doceri,
894 759 989 791 forsan
1012 758 1097 791 etiam
1121 757 1217 790 conari
1240 768 1256 789 a
1279 758 1371 791 nimiis
1396 759 1529 792 omnibus
1553 771 1603 793 eos
1626 771 1716 793 revo-

179 818 255 840 care.
281 808 367 846 Quae
385 807 481 839 omnia
498 807 526 838 in
544 807 577 838 iis
593 807 716 839 maxime
734 807 862 839 videmus
881 806 1022 847 obtinere,
1047 815 1120 849 quae
1137 804 1189 848 ipsi
1207 803 1320 848 dialogo
1338 805 1535 838 immiscentur
1546 818 1562 839 a
1574 805 1715 852 choro.1)

179 854 241 886 Sed
264 854 293 885 in
317 854 494 896 longioribus
519 865 635 897 quoque
659 853 829 885 carminibus
852 853 958 896 ubique
983 852 1043 884 sere
1066 862 1114 883 res
1138 852 1175 883 ita
1198 862 1230 883 se
1253 852 1350 884 habet.
1386 853 1517 895 Singulas
1541 854 1564 884 si
1588 854 1714 885 circum-

179 900 314 942 spicimus
339 900 465 940 fabulas,
501 900 623 941 virgines
647 900 764 943 quidem
793 899 908 931 minime
939 902 1139 941 exspectantur
1168 908 1255 939 agere
1285 909 1380 941 neque
1411 904 1471 940 est,
1507 899 1586 941 quod
1612 900 1656 931 vel
1686 900 1714 931 in

178 946 295 978 Electra
320 946 363 978 vel
387 946 415 978 in
440 945 595 977 Trachiniis
618 945 659 978 ita
683 945 774 989 possit
797 945 924 988 intelligi,
948 949 981 977 ut
1004 948 1121 987 agentes
1145 943 1208 987 quis
1228 943 1338 988 judicet
1361 944 1440 977 chori
1468 945 1601 989 virgines.
1648 946 1714 978 Ne-

178 1004 236 1036 que
267 993 294 1024 in
320 992 435 1036 Oedipo
458 993 541 1034 Rege
571 997 601 1024 et
629 993 775 1035 Antigone
807 992 962 1035 quidquam
992 991 1111 1033 legitur,
1146 990 1224 1034 quod
1253 991 1290 1023 ad
1319 991 1407 1023 talem
1434 992 1595 1034 perducere
1624 993 1716 1035 possit

178 1039 355 1082 opinionem.
415 1038 504 1077 Quod
527 1049 618 1070 unum
642 1039 670 1070 in
692 1039 782 1081 Ajace
806 1038 862 1070 huc
886 1038 974 1082 possit
996 1037 1106 1079 referri,
1130 1037 1208 1080 quod
1231 1037 1360 1070 videmus
1384 1038 1504 1070 chorum
1528 1044 1715 1082 quaerentem

177 1085 298 1129 Ajacem
322 1086 366 1118 vel
391 1085 453 1128 ejus
478 1084 608 1127 cadaver,
632 1085 669 1117 ad
692 1084 854 1129 primariam
879 1085 990 1117 fabulae
1015 1084 1156 1116 actionem
1181 1089 1280 1128 aperte
1303 1095 1361 1117 non
1379 1085 1504 1128 pertinet
1521 1096 1615 1129 neque
1634 1086 1716 1118 aliter

177 1137 311 1175 poterant
329 1132 448 1175 produci
466 1132 545 1163 chori
568 1137 682 1174 nautae,
707 1143 774 1164 cum
797 1142 901 1163 scenae
925 1131 1082 1163 immutatio
1106 1135 1184 1162 esset
1207 1131 1293 1173 fasta,
1317 1132 1370 1163 nisi
1394 1131 1500 1163 eodem
1523 1132 1632 1173 animo,
1656 1143 1715 1175 quo

177 1189 294 1221 semper
318 1182 412 1218 antea,
436 1178 532 1220 Ajacis
557 1189 656 1209 curam
681 1182 811 1220 agentes.
866 1178 971 1209 Contra
995 1177 1023 1208 in
1046 1177 1202 1209 Philocteta
1227 1182 1257 1209 et
1281 1178 1395 1220 Oedipo
1421 1178 1551 1210 Coloneo
1574 1178 1715 1210 nonnullis

114 1226 121 1237 ”
175 1224 244 1255 locis
269 1234 336 1256 vere
360 1223 492 1256 videntur
515 1234 602 1266 agere
627 1224 706 1255 chori
730 1223 779 1255 viri
802 1223 847 1254 vel
871 1234 965 1255 senes.
1013 1224 1159 1255 Revocant
1183 1223 1259 1255 enim
1283 1234 1368 1255 senes
1393 1223 1513 1256 Colonei
1537 1223 1573 1256 ab
1596 1224 1713 1256 Eume-

176 1270 275 1302 nidum
310 1281 391 1303 sacro
423 1270 585 1313 Oedipum,
622 1269 781 1303 defendunt
813 1270 1007 1313 Antigonem,
1048 1280 1134 1313 quam
1163 1270 1260 1302 studet
1291 1270 1422 1314 abripere
1447 1271 1559 1314 Creon,
1594 1270 1716 1303 suadent

176 1317 361 1360 Neoptolemi
385 1321 489 1348 nautae
514 1317 706 1358 Philoctetae,
737 1321 769 1348 ut
799 1327 897 1348 secum
928 1316 1013 1348 abeat
1042 1316 1213 1359 studentque
1239 1328 1275 1348 eo
1299 1328 1366 1348 eum
1389 1317 1550 1360 perducere
1574 1317 1714 1359 multipli—

176 1362 257 1395 cibus
282 1362 524 1395 admonitionibus
547 1380 594 1386 —-
617 1362 696 1395 idem
719 1363 806 1406 igitur
830 1363 890 1395 sere
915 1362 1029 1404 faciunt,
1054 1361 1133 1406 quod
1156 1362 1287 1395 dominus
1308 1363 1430 1407 juvenis.
1443 1381 1491 1387 —
1505 1363 1547 1396 At
1566 1363 1714 1406 singularis

176 1421 294 1453 quoque
318 1415 508 1452 utrorumque
533 1409 669 1442 conditio.
717 1411 826 1442 Terrae
850 1409 959 1441 incolae
982 1409 1057 1441 bene
1081 1410 1193 1451 cognita
1215 1410 1270 1442 loci
1294 1410 1442 1442 sanctitate
1466 1421 1524 1442 non
1547 1414 1714 1453 putuerunt,

175 1456 244 1499 quin
269 1455 306 1487 ab
330 1457 386 1487 hoc
409 1456 560 1487 studerent
584 1456 728 1488 abducere
753 1455 895 1498 hospitem
919 1456 961 1487 rei
984 1466 1041 1486 non
1065 1466 1186 1497 gnarum
1208 1467 1305 1499 neque
1328 1456 1366 1488 ita
1390 1467 1456 1488 cum
1481 1467 1517 1488 eo
1548 1461 1653 1498 agunt,
1682 1461 1716 1488 ut

174 1502 231 1534 ulla
261 1502 301 1534 vis
332 1501 522 1535 adhibeatur:
566 1502 619 1535 sed
642 1502 781 1535 docentes
806 1512 874 1534 eum
898 1500 934 1534 de
958 1501 1012 1533 loci
1036 1502 1183 1535 sanctitate
1207 1502 1447 1535 admonitionibus
1471 1513 1539 1535 eum
1562 1502 1713 1535 reducunt.

174 1550 253 1591 Post,
279 1560 346 1582 cum
371 1549 468 1582 Creon
490 1549 666 1592 Antigonem
691 1549 727 1582 sit
750 1548 943 1590 abducturus,
974 1560 1032 1580 non
1061 1554 1158 1592 potest
1183 1561 1241 1582 non
1264 1550 1416 1592 resistere,
1447 1561 1513 1582 cum
1537 1555 1636 1593 aperte
1659 1550 1715 1582 hoc

175 1597 238 1628 loco
261 1596 338 1639 regis
363 1596 445 1639 quasi
469 1596 577 1628 vicibus
606 1596 742 1638 fungatur
766 1595 902 1637 absentis,
927 1595 975 1638 qui
1000 1606 1031 1626 se
1054 1595 1192 1628 tuiturum
1217 1607 1281 1628 esse
1301 1597 1429 1639 hospites
1451 1597 1637 1639 promiserat:
1662 1596 1714 1628 sed

174 1653 212 1674 ne
236 1642 290 1674 hoc
314 1642 432 1686 quidem
457 1642 521 1674 loco
546 1642 745 1675 vehementior
768 1641 831 1685 ejus
857 1641 959 1683 agendi
982 1641 1064 1673 ratio.
1112 1643 1223 1674 Nautae
1248 1654 1315 1675 vero
1339 1642 1386 1685 illi,
1413 1643 1503 1686 qualis
1527 1647 1589 1676 erat
1612 1653 1714 1675 eorum

175 1688 310 1731 conditio,
335 1687 484 1722 debebant
508 1689 588 1721 ducis
612 1689 735 1722 consiliis
759 1689 959 1732 susceptisque
984 1688 1145 1730 subvenire,
1170 1694 1255 1733 atque
1278 1695 1312 1722 ut
1332 1690 1505 1722 contrarium
1529 1690 1572 1722 his
1598 1689 1716 1733 quidem

175 1735 273 1767 electis
298 1735 334 1766 ad
358 1736 478 1768 chomm
502 1736 744 1778 constituendum,
769 1747 828 1767 non
852 1746 1004 1778 possemus
1027 1746 1085 1767 non
1109 1735 1213 1777 mirari,
1238 1736 1276 1768 ita
1300 1736 1361 1779 ipse
1385 1735 1422 1768 ab
1445 1736 1523 1768 initio
1541 1736 1614 1768 hanc
1633 1746 1715 1768 suam

175 1792 238 1813 esse
263 1781 435 1825 provinciam
459 1782 607 1826 professus
633 1786 703 1815 erat.
749 1783 903 1814 Praeterea
928 1781 956 1813 in
980 1781 1033 1813 hac
1057 1781 1151 1814 sabula
1174 1782 1318 1815 interdum
1342 1782 1547 1827 Neptolemum
1571 1782 1715 1815 volentem

200 1912 225 1943 ¹)
242 1913 330 1937 Mirum
349 1921 403 1938 esse
420 1920 468 1937 uon
486 1916 582 1945 potest,
607 1913 736 1938 admodum
760 1913 882 1938 diversam
905 1921 978 1944 saepe
1001 1913 1065 1945 apud
1088 1913 1231 1945 Aeschylum
1254 1922 1305 1939 rem
1326 1922 1388 1939 esse.
1429 1914 1479 1938 Hic
1501 1913 1563 1938 enim
1587 1920 1641 1937 cum
1666 1920 1714 1937 nou

241 1946 346 1977 easdem,
364 1954 394 1971 ac
411 1945 555 1978 Sophocles,
574 1954 647 1978 saepe
664 1947 739 1978 eligat
756 1955 873 1979 personas
890 1946 1013 1977 choricas,
1032 1946 1075 1971 sed
1093 1948 1127 1972 rei
1145 1949 1253 1979 tragicae
1270 1947 1407 1979 primordiis
1425 1948 1531 1979 propior,
1549 1944 1624 1971 choro
1642 1946 1714 1976 longe

241 1981 373 2012 graviores,
391 1986 463 2013 quam
481 1981 528 2012 ille,
546 1979 666 2005 interdum
683 1981 756 2006 etiam
774 1981 864 2013 primas
882 1984 962 2013 partes
980 1981 1084 2010 tribuat.
1098 1981 1169 2014 louge
1186 1982 1267 2015 aptius
1285 1985 1386 2015 agentes
1400 1980 1492 2007 inducit
1505 1979 1572 2007 chori
1588 1987 1714 2013 personas,

241 2022 314 2045 quem
330 2013 392 2045 hoc,
410 2014 528 2046 siquidem
546 2018 612 2039 esset
629 2015 729 2046 sactum,
748 2016 840 2040 sactum
857 2019 922 2040 esset
939 2023 955 2039 ι
972 2014 1099 2047 Sophocle.
