1943 2355
939 87 985 117 33

194 186 279 219 electi
301 186 346 217 vel
369 196 453 217 senes
477 184 584 227 virique
609 184 747 227 seniores,
773 184 822 228 qui
845 184 918 216 vitae
942 183 1092 216 molestias
1116 183 1226 226 experti
1249 183 1286 215 ad
1309 182 1528 226 temperantiam
1548 182 1735 226 quietemque

194 231 279 265 animi
309 231 471 272 redierunt,
503 230 548 262 vel
576 230 714 273 virgines,
744 241 866 274 quarum
894 230 981 263 animi
1011 230 1086 261 vitae
1114 229 1205 261 turbis
1234 229 1362 262 nondum
1391 229 1527 272 inquinati
1550 229 1734 272 purissimum

195 278 247 310 sibi
272 282 419 311 servarunt
442 275 609 321 sensum.¹)

194 422 244 454 111.
293 420 438 459 QUIBUS
473 420 718 454 FABULARUM
752 420 871 454 LOCIS
908 420 1088 453 CARMINA
1126 420 1306 452 CHORICA
1336 419 1603 452 INTERPOSITA
1634 420 1732 459 SINT,

825 484 1090 517 OSTENDITUR.

283 568 331 600 Ad
354 569 485 611 alterum,
510 569 588 613 quod
612 581 711 602 sumus
735 569 903 613 exposituri,
934 569 957 601 si
980 568 1197 612 progredimur,
1227 573 1260 600 ut
1284 567 1388 612 quibus
1411 568 1480 601 locis
1505 568 1583 600 chori
1607 568 1733 601 carmina

198 615 265 648 totis
290 616 347 648 suis
370 616 550 659 poematibus
574 616 777 659 interposuerit
801 616 975 660 Sophocles,
999 616 1043 647 vel
1068 616 1129 658 ipsa
1152 615 1195 647 rei
1219 615 1292 647 ratio
1316 615 1442 648 ostendit
1465 615 1605 659 facileque
1629 627 1664 648 ex
1687 616 1732 658 iis,

193 673 267 706 quae
286 662 347 705 jam
369 663 534 706 posuimus,
559 663 582 695 si
606 663 674 706 quid
696 668 776 695 recte
800 663 959 705 statuimus,
984 667 1111 705 apparet,
1136 666 1199 694 tum
1222 666 1334 694 tantum
1357 662 1486 705 potuisse
1509 663 1638 705 longiore
1661 673 1731 694 car-

194 709 270 740 mine
295 719 378 740 sensa
401 710 533 752 proloqui
556 710 692 751 chorum,
722 720 788 741 curn
817 714 945 741 cessaret
967 709 1028 751 ipsa
1051 709 1124 741 actio
1147 709 1193 740 vel
1217 713 1297 741 certe
1320 709 1349 740 in
1373 720 1459 741 scena
1482 709 1550 740 nihil
1574 714 1730 751 ageretur3

195 766 261 787 narn
287 765 399 787 cessare
424 755 496 787 actio
520 766 573 798 per
597 760 686 787 totam
710 755 835 787 fabulam
857 756 901 787 vix
925 755 1030 798 poterit
1055 755 1119 787 dici.
1180 755 1254 786 Cum
1285 755 1362 786 enirn
1393 760 1585 798 spectatorem
1614 756 1731 787 actionis

193 806 272 833 recte
296 801 379 833 nobis
403 801 550 833 videamur
574 802 677 834 dixisse
702 802 832 844 chorum,
856 802 925 834 dum
948 812 1016 833 vere
1040 801 1133 844 agitur
1156 802 1185 832 in
1209 812 1304 843 scena,
1329 812 1388 833 non
1412 805 1508 844 potest
1532 801 1599 845 quin
1623 801 1660 834 ad
1677 802 1732 834 hoc

193 848 318 880 animum
342 848 485 889 advertat,
516 853 577 880 turn
602 848 721 880 demum
745 848 782 880 ad
806 848 1007 891 cogitationem
1029 848 1145 879 rediens
1170 858 1331 890 sensusque
1360 848 1554 891 proloquens,
1585 858 1650 880 cum
1673 859 1732 880 non

193 894 238 937 sit,
264 894 343 938 quod
365 906 441 927 nunc
464 894 558 938 ipsum
582 895 644 938 ejus
669 895 794 927 animum
817 894 845 927 in
870 906 901 927 se
926 899 1081 926 convertat.
1119 893 1207 933 Quod
1233 894 1350 937 egregie
1373 895 1535 938 reperimus
1552 905 1569 926 a
1588 895 1732 938 Sophocle

195 941 350 983 observari,
375 942 398 973 si
422 942 459 973 ad
482 942 591 984 singula
615 943 694 974 chori
719 942 843 974 carmina
866 942 974 984 majora
997 941 1176 985 respicimus·
1224 942 1289 973 Jam
1314 952 1380 973 cum
1404 953 1506 974 omnes
1530 940 1640 974 fabulas
1663 942 1731 974 lon—

192 988 256 1030 gius
280 988 316 1020 sit
338 988 464 1020 breviter
486 988 532 1020 hic
557 999 699 1030 enarrare,
723 989 766 1020 rei
790 988 857 1020 satis
882 989 987 1020 sactum
1010 987 1161 1029 videbitur,
1186 987 1210 1018 si
1227 988 1315 1019 trium
1332 988 1444 1020 illarum
1463 988 1634 1031 fabularum,
1658 1000 1732 1032 quae

193 1033 420 1067 Labdacidarum
444 1034 500 1067 sata
525 1039 672 1078 exponunt
695 1034 872 1078 expositione
895 1034 1121 1078 probaverimus,
1145 1044 1213 1065 vere
1237 1034 1276 1066 ita
1298 1044 1362 1066 rem
1387 1045 1419 1066 se
1443 1034 1562 1067 habere.

284 1095 326 1126 Ita
349 1094 377 1125 in
403 1094 518 1137 Oedipo
542 1105 613 1137 rege
638 1094 760 1138 primum
784 1095 858 1127 canit
882 1095 1002 1137 chorus,
1033 1105 1099 1126 cum
1122 1105 1169 1126 res
1195 1094 1323 1137 exposita
1348 1094 1384 1126 sit
1406 1094 1576 1138 noveritque
1601 1093 1732 1138 Oedipus

191 1140 297 1171 versari
319 1140 348 1171 in
372 1144 450 1172 terra
472 1140 533 1172 Laii
557 1140 771 1173 interfectorem
801 1145 831 1173 et
860 1151 895 1172 ex
923 1141 981 1172 Dei
1010 1141 1104 1172 edicto
1133 1140 1299 1183 pellendum
1329 1151 1410 1182 esse,
1442 1145 1476 1172 ut
1498 1141 1615 1173 tollatur
1637 1146 1732 1173 terrae

194 1186 318 1228 miseria,
343 1197 468 1230 cumque
492 1186 529 1218 ad
551 1187 754 1230 reperiendum
778 1187 853 1219 hunc
876 1191 1036 1230 praeparet,
1062 1197 1136 1230 quae
1159 1187 1251 1229 possit
1274 1187 1378 1219 omnia.
1415 1187 1501 1229 Tum,
1526 1197 1592 1219 cum
1603 1186 1732 1219 terribile

193 1232 261 1264 illud
289 1232 326 1264 de
352 1232 466 1276 Oedipo
496 1234 662 1275 prolocutus
693 1238 738 1265 est
761 1233 884 1265 Tiresias
916 1238 946 1265 et
978 1233 1118 1274 decessit,
1152 1233 1284 1276 Oedipus
1313 1244 1382 1265 vero
1413 1232 1563 1265 absentem
1590 1233 1733 1266 accusavit

194 1279 350 1311 Creontem
379 1279 476 1323 itaque
506 1280 579 1311 actio
607 1279 726 1323 produci
749 1290 807 1311 non
830 1284 937 1323 potest,
960 1279 1013 1311 nisi
1035 1257 1136 1311 nuntio
1159 1279 1194 1310 ad
1219 1279 1295 1311 hunc
1318 1279 1414 1311 delato
1438 1280 1558 1323 ipsoque
1582 1290 1731 1322 aggresso,

192 1326 297 1358 iterum
321 1336 436 1358 carmen
461 1325 539 1358 chori
561 1327 721 1370 reperimus
752 1326 960 1370 interpositum.
1013 1325 1176 1370 Insequitur
1201 1325 1306 1369 Oedipi
1331 1326 1522 1370 Creontisque
1546 1326 1731 1370 colloquium,

193 1373 299 1404 mutuis
328 1372 445 1415 plenum
475 1373 627 1416 objurgiis,
664 1373 774 1406 accedit
796 1374 928 1416 Jocaste,
964 1384 1011 1405 res
1036 1373 1187 1416 exponitur
1210 1372 1246 1405 ab
1272 1373 1403 1417 Oedipo,
1439 1373 1555 1417 impiam
1580 1384 1662 1406 suam
1684 1373 1732 1406 illa

193 1419 303 1462 profert
326 1418 362 1451 de
387 1420 508 1451 oraculis
532 1421 703 1453 sententiam
728 1424 758 1452 et
781 1424 849 1452 tunc
872 1420 1051 1452 interseritur
1074 1430 1179 1451 novum
1204 1420 1283 1451 chori
1307 1431 1438 1462 carmen,
1466 1431 1533 1452 curn
1557 1425 1587 1452 et
1611 1420 1732 1463 amplius

192 1476 239 1497 res
263 1465 449 1508 pervestigari
473 1477 531 1498 non
555 1467 645 1509 possit
667 1477 763 1510 neque
787 1466 906 1509 produci
936 1466 1009 1498 actio
1040 1477 1127 1509 posse
1154 1465 1296 1508 videatur,
1333 1467 1385 1498 nisi
1416 1466 1541 1498 adducto
1572 1477 1654 1498 servo
1683 1467 1731 1498 illo

192 1516 323 1555 pastore,
354 1511 449 1544 caedis
479 1512 540 1544 Laii
570 1517 654 1545 teste.
712 1512 864 1545 Accedens
891 1513 951 1556 jam
980 1513 1095 1545 nuntius
1127 1512 1290 1544 Corinthius
1321 1513 1476 1545 nuntianda
1504 1513 1605 1557 Polybi
1636 1518 1731 1545 morte

193 1557 357 1601 detegendo
382 1558 487 1601 Oedipi
518 1570 616 1591 errore
650 1557 721 1603 (non
754 1570 818 1592 esse
848 1570 916 1591 eum
944 1561 1044 1591 verum
1059 1558 1172 1612 Polybi·
1198 1558 1287 1590 filium
1317 1557 1488 1604 ostendens)
1519 1570 1621 1592 novam
1643 1559 1733 1602 injicit

193 1604 417 1658 dubitationem,
442 1616 516 1649 quae
542 1605 657 1649 Oedipo
681 1610 760 1638 certe
784 1606 853 1638 solvi
876 1606 989 1649 nequit,
1013 1606 1066 1638 nisi
1089 1617 1142 1649 per
1165 1605 1259 1658 ipsum
1282 1606 1360 1638 illum
1385 1617 1499 1638 senum
1522 1611 1730 1650 exspectatum.

192 1647 363 1696 Priusquam
387 1657 484 1685 autem
507 1652 553 1685 hic
576 1652 687 1685 accedit
710 1664 811 1686 omnes
835 1653 981 1685 soluturus
1005 1652 1207 1695 dubitationes,
1231 1652 1337 1685 iterum
1361 1653 1440 1685 chori
1464 1664 1579 1686 carmen
1598 1653 1730 1697 legimus.

259 1758 432 1789 perpetrnverit
456 1766 535 1789 neque
559 1759 611 1790 ipsa
628 1757 728 1783 chorum
746 1758 872 1783 dissentire
889 1759 1018 1789 putaverit.
1042 1771 1076 1775 —
1111 1760 1143 1783 At
1160 1759 1263 1784 alterum
1280 1759 1333 1791 ejus
1350 1763 1519 1790 argumentum
1536 1767 1585 1783 non
1603 1758 1731 1783 admodum

258 1799 333 1821 grave
351 1799 412 1821 esse,
431 1799 501 1816 nemo
518 1800 567 1817 uon
585 1791 660 1822 videt,
677 1792 718 1823 qui
736 1792 833 1816 fabulae
850 1795 917 1816 tenet
935 1791 1078 1819 decursum3
1104 1793 1195 1823 ubique
1212 1794 1276 1817 enim
1292 1794 1345 1817 sere
1361 1800 1439 1824 usque
1455 1792 1486 1817 ad
1503 1794 1576 1818 finem
1592 1793 1689 1817 fabulae
1706 1796 1731 1817 et

258 1832 340 1848 eoram
358 1826 480 1855 Antigone
497 1828 522 1849 et
541 1826 642 1849 absente
658 1825 697 1849 illa
714 1825 806 1849 factum
824 1826 950 1856 vituperat.
985 1825 1047 1849 lllud
1065 1829 1161 1855 autem,
1179 1826 1244 1856 quod
1263 1827 1329 1857 prius
1347 1828 1442 1857 posuit,
1459 1827 1520 1851 satis
1538 1830 1643 1856 rectum,
1660 1827 1682 1850 si
1699 1826 1732 1850 ad

258 1858 335 1882 solam
358 1858 504 1888 Antigonem
528 1859 683 1890 respicimus,
706 1865 769 1889 quae
793 1866 852 1883 sane
876 1866 923 1882 non
941 1858 1070 1889 adjuvatur
1086 1860 1162 1883 alieno
1180 1867 1298 1888 assensu3
1324 1863 1405 1884 tamen
1424 1859 1456 1883 ad
1474 1860 1655 1884 admirationem
1672 1867 1732 1890 erga

258 1891 323 1916 illam
349 1891 485 1922 augendam
509 1892 609 1916 multum
636 1892 708 1921 facit,
735 1892 755 1916 si
780 1895 904 1923 spectator
927 1899 980 1916 eam
1002 1892 1080 1916 solam
1101 1891 1167 1917 videt
1192 1896 1285 1917 tantum
1308 1891 1398 1917 habere
1421 1893 1540 1923 animum,
1563 1896 1590 1917 ut
1607 1893 1656 1917 tale
1672 1892 1732 1924 quid

258 1924 376 1955 suscipiat
399 1928 424 1948 et
442 1929 539 1949 tueatur
557 1925 698 1956 perfectum.
723 1938 755 1942 -
791 1926 827 1949 De
845 1926 921 1949 altero
939 1925 993 1955 illo,
1012 1925 1145 1950 leniendam
1163 1926 1341 1957 quodammodo
1362 1927 1437 1951 fuisse
1455 1935 1498 1959 per
1514 1925 1580 1951 chori
1597 1927 1731 1951 sententias

258 1957 371 1982 Creontis
389 1959 553 1988 atrocitatem,
570 1966 633 1990 quae
651 1958 725 1984 videri
741 1962 835 1990 posset,
852 1959 1041 1983 consentientem
1059 1967 1086 1984 se
1102 1959 1209 1984 ostendit
1226 1960 1335 1984 Wexius.

218 2004 244 2034 ¹)
262 2003 294 2029 es.
312 2003 405 2029 Suvem
421 2004 479 2029 tiber
497 2004 621 2030 Sehiller‘e
642 2004 800 2030 Walleustein
814 2012 840 2037 p.
857 2007 896 2030 4⁰.

1367 2051 1389 2082 5
