1943 2355
926 95 972 126 34

185 195 244 234 Qui
267 205 334 226 cum
359 194 478 226 accessit
500 193 659 236 invitusque
682 202 746 226 rem
769 191 888 234 detegit,
914 191 1061 234 Oedipum
1085 191 1240 224 ostendens
1258 193 1320 224 Laii
1344 204 1408 226 esse
1427 194 1561 227 etlilium
1578 201 1610 228 et
1626 196 1719 229 inter-

184 242 342 283 fectorem,
374 252 405 273 re
437 244 587 283 perspecta
618 238 677 270 abit
701 237 849 281 Oedipus,
881 248 1005 280 poenam
1028 238 1057 269 in
1081 243 1174 270 semet
1198 239 1290 282 ipsum
1315 246 1544 284 perpetraturuS,
1575 253 1633 285 quo
1657 244 1719 287 ipso

184 294 325 332 tempore,
350 287 420 319 dum
442 286 550 327 redeat,
575 285 695 317 chorum
719 284 849 317 audimus
874 284 936 327 ejus
962 284 1018 316 sata
1041 283 1248 327 deplorantem.
1297 286 1382 325 Quae
1407 293 1575 332 sequuntur,
1600 291 1718 333 exposi-

182 335 292 368 tionem
327 335 472 367 continent
506 332 709 364 miserabilium
745 333 877 364 locastae
909 331 1072 374 Oedipique
1108 331 1231 364 satorum
1261 344 1294 365 ac
1323 334 1497 377 colloquium
1522 336 1626 379 Oedipi
1653 348 1718 370 cum

183 382 320 423 Creonte,
339 391 413 424 quae
425 380 519 411 omnia
531 390 597 410 cum
610 383 676 410 sunt
687 379 724 410 ad
735 379 823 410 finem
835 377 983 420 perducta,
1004 378 1108 409 chorus
1122 378 1246 410 fabulam
1259 380 1402 411 concludit
1414 382 1554 414 sententia
1572 382 1705 425 quadam.

275 429 307 458 In
332 426 445 468 Oedipo
470 425 600 457 Coloneo
623 428 777 468 postquam
807 424 836 455 in
867 423 979 455 fabulae
1009 423 1186 466 expositione
1217 425 1353 457 nonnulla
1373 426 1434 468 jam
1457 427 1617 460 intermixta
1640 428 1719 460 chori

183 474 307 507 carmina
336 472 479 505 suasoriae
510 471 657 515 cujusdam
687 471 788 503 indolis
824 475 854 503 et
890 469 926 502 ad
961 470 1167 503 accuratiorem
1204 482 1273 503 suae
1310 472 1477 506 conditionis
1507 475 1718 518 expositionem

183 521 328 563 Oedipum
357 519 513 559 incitantia,
544 529 610 550 cum
641 517 713 549 fides
744 518 809 549 data
839 522 884 549 est
909 517 1024 558 Oedipo
1053 522 1148 549 tutum
1179 529 1246 549 eum
1270 518 1298 549 in
1322 519 1417 551 Attica
1440 525 1517 552 terra
1541 533 1716 563 mansurum,

182 568 284 599 chorus
309 565 383 597 canit
408 565 509 597 Coloni
533 564 739 608 universaeque
763 563 875 595 Atticae
899 562 1014 604 laudea,
1039 563 1205 607 priusquam
1228 564 1347 607 accedit,
1372 576 1388 597 a
1413 577 1471 609 quo
1497 567 1627 611 Oedipus
1650 579 1717 601 me-

181 614 248 655 tuit,
282 613 378 644 Creon
402 623 470 644 eum
493 611 678 644 abducturus,
738 611 794 643 Hic
824 621 890 642 cum
918 609 999 642 variis
1028 621 1095 642 eum
1125 610 1219 643 modis
1248 611 1352 643 frustra
1379 618 1498 646 conatus
1530 619 1574 647 est
1603 615 1717 648 Thebas

180 659 334 700 reducere,
360 670 425 690 cum
449 659 520 690 filias
545 658 571 690 ei
595 658 698 700 eripuit
723 663 752 689 et
775 669 812 689 ne
836 657 951 688 Theseo
975 656 1093 699 quidem
1116 658 1154 689 ita
1184 658 1242 689 vult
1266 658 1389 700 cedere,
1413 664 1446 690 ut
1469 660 1572 692 lubens
1596 662 1717 704 virgines

179 706 282 738 reddat
312 705 399 748 patri,
434 705 527 747 ipsum
551 704 698 735 Theseum
728 715 794 735 cum
818 703 937 735 militum
961 714 1047 734 manu
1072 703 1108 734 ad
1132 714 1181 735 eas
1205 704 1385 737 reducendus
1409 705 1572 748 profectum
1595 708 1719 740 carmine

180 752 372 796 prosequitur.
428 751 524 783 Finito
556 750 680 783 carmine
706 751 767 793 jam
790 750 865 782 redit
889 750 1020 781 Theseus
1044 750 1242 794 Polynicisque
1267 750 1420 783 adventurn
1444 754 1604 786 narratione
1628 765 1718 797 prae-

178 804 279 842 parat:
317 799 367 841 qui
396 798 464 830 dum
493 798 661 839 arcessitur,
695 798 769 829 canit
794 797 898 829 chorus
923 796 960 828 de
984 797 1057 828 vitae
1082 797 1262 840 maximeque
1287 798 1357 829 senii
1381 799 1528 831 molestiis.
1587 801 1719 833 Discedit

179 846 225 877 ille
250 845 354 876 infecta
384 856 433 886 re,
464 844 567 876 frustra
597 854 632 875 ex
663 854 698 875 eo
726 847 844 886 petente
869 853 968 875 sorore
992 843 1151 884 Antigone,
1181 848 1214 875 ut
1237 844 1385 876 consilium
1409 846 1616 888 oppugnandae
1640 846 1719 879 urbis

178 892 286 935 patriae
311 891 428 923 mittat.·
461 891 535 922 Tum
560 890 679 922 chorum
703 890 833 922 audimus
857 889 1026 922 intermedia
1050 889 1192 932 quaedam
1216 895 1376 933 canentem,
1402 891 1494 924 donec
1518 892 1619 925 redeat
1635 893 1718 925 The-

179 949 257 979 seus,
283 949 341 980 quo
366 948 439 979 opus
463 948 528 968 esse
553 941 653 968 censet
677 936 818 979 Oedipus,
843 941 875 967 ut
899 936 996 979 quiete
1021 935 1058 967 ad
1082 940 1206 967 mortem
1229 936 1323 969 abeat.
1372 937 1430 976 Qui
1455 949 1520 970 cum
1544 939 1663 971 accessit
1685 950 1720 971 ac

179 995 246 1017 cum
277 984 392 1026 Oedipo
424 983 503 1025 abiit,
541 983 644 1015 chorus
677 982 796 1015 effundit
829 993 931 1025 preces
963 993 1015 1024 pro
1047 981 1119 1013 felici
1150 981 1279 1026 facilique
1311 983 1372 1026 ejus
1402 983 1492 1016 obitu.
1551 985 1720 1018 Extremam

179 1031 292 1063 fabulae
322 1035 449 1073 partem,
479 1041 553 1073 quae
583 1030 698 1073 exponit
723 1040 857 1072 suprema
882 1028 987 1071 Oedipi
1012 1028 1068 1060 sata
1093 1029 1299 1073 consiliumque
1323 1041 1340 1062 a
1367 1031 1513 1063 sororibus
1537 1037 1718 1075 conceptum,

179 1078 283 1109 chorus
308 1077 432 1108 breviter
456 1076 607 1108 concludit.

274 1123 409 1155 Similiter
434 1122 460 1153 in
489 1122 633 1164 Antigona
663 1122 766 1164 excipit
802 1121 1009 1164 expositionem
1040 1121 1119 1152 chori
1150 1126 1271 1153 cantus:
1308 1127 1369 1154 tum
1400 1123 1495 1155 Creon
1524 1123 1626 1166 edicit,
1662 1136 1719 1156 non

179 1180 244 1201 esse
269 1169 466 1212 sepeliendum
484 1169 648 1212 Polynicem
673 1173 703 1200 et
727 1179 778 1200 cur
802 1168 839 1200 ita
863 1172 968 1199 statuat
992 1167 1124 1210 exponit3
1149 1168 1260 1200 accedit
1283 1173 1389 1211 custos,
1414 1174 1511 1202 tamen
1535 1171 1590 1202 hoc
1614 1171 1718 1203 sactum

177 1227 243 1247 esse
268 1226 402 1247 enarrans
427 1226 550 1258 cumque
575 1215 613 1247 ita
637 1220 732 1247 cesset
757 1215 846 1256 actio,
883 1214 952 1245 dum
975 1218 1107 1256 repertus
1133 1215 1178 1255 sit,
1203 1214 1252 1257 qui
1275 1215 1344 1247 illud
1367 1216 1534 1259 perfecerit,
1570 1217 1719 1249 hominum

176 1262 332 1294 sollertiam
357 1262 461 1294 chorus
493 1262 575 1293 canit.
635 1261 798 1293 Adducitur
823 1261 883 1304 jam
913 1260 1058 1303 Antigone
1089 1260 1317 1305 confiteturque,
1355 1273 1386 1294 se
1416 1262 1485 1295 illud
1514 1268 1718 1307 perpetrasse3

177 1309 273 1341 Creon
304 1320 368 1341 eam
399 1314 493 1341 morte
526 1309 656 1351 punitum
685 1308 719 1340 iri
749 1308 921 1351 profitetur3
959 1308 1028 1339 dum
1058 1318 1127 1339 vero
1157 1308 1240 1350 hujus
1272 1309 1314 1340 rei
1337 1310 1452 1341 nuntius
1476 1310 1512 1342 ad
1535 1312 1718 1343 Haemonem

177 1356 337 1398 perfertur,
374 1367 390 1386 a
420 1355 567 1397 proposito
599 1355 744 1386 deducere
774 1359 886 1396 patrem
916 1359 1101 1394 conaturum,
1138 1354 1242 1385 iterum
1267 1355 1345 1386 chori
1369 1366 1484 1387 carmen
1508 1357 1717 1399 interpositum.

177 1402 252 1433 Cum
283 1401 386 1433 frustra
417 1406 528 1444 patrem
558 1411 674 1433 movere
705 1400 814 1433 studuit
838 1401 986 1442 Haemon,
1023 1399 1093 1432 dum
1120 1399 1221 1432 redeat
1249 1400 1410 1443 Antigone,
1447 1413 1502 1445 qua
1534 1402 1571 1434 ad
1594 1408 1718 1435 mortem

175 1448 346 1481 deducenda
376 1448 449 1480 actio
480 1447 662 1491 producitur,
700 1448 805 1479 chorus
836 1446 931 1479 laudat
953 1447 1069 1479 Amoris
1096 1452 1281 1489 potestatem.
1341 1449 1415 1480 Tum
1440 1460 1505 1480 cum
1529 1449 1574 1481 illa
1598 1449 1718 1482 effundit

174 1495 308 1537 querelas
334 1499 363 1525 et
387 1494 424 1525 ad
446 1499 570 1525 mortem
595 1499 639 1525 est
663 1494 796 1534 deducta,
821 1494 988 1535 priusquam
1011 1493 1122 1524 accedit
1146 1493 1279 1533 Tiresias,
1304 1494 1373 1525 item
1398 1505 1503 1526 conans
1528 1506 1545 1526 a
1568 1496 1715 1537 proposito

174 1551 310 1571 revocare
337 1540 506 1581 Creontem,
538 1539 670 1570 similium
703 1539 827 1570 satorum
852 1539 982 1581 exempla
1006 1538 1152 1580 componit
1175 1539 1289 1570 chorus.
1349 1540 1413 1571 Jam
1438 1551 1503 1571 cum
1528 1540 1597 1572 abiit
1621 1541 1716 1573 Creon

175 1586 300 1618 Tiresiae
326 1585 464 1629 chorique
488 1584 727 1618 admonitionibus
752 1585 868 1617 tandem
893 1596 929 1617 eo
954 1585 1120 1628 perductus,
1144 1590 1176 1617 ut
1200 1585 1500 1629 sepeliat‚Polynicem
1518 1591 1548 1619 et
1566 1598 1583 1619 e
1601 1598 1716 1619 carcere

174 1632 277 1664 liberet
306 1633 498 1674 Antigonem,
536 1632 605 1663 dum
641 1637 721 1663 extra
751 1643 867 1663 scenam
897 1632 941 1662 hic
969 1636 1098 1664 versatur
1128 1636 1158 1663 et
1181 1632 1347 1675 priusquam
1376 1643 1474 1664 rerum
1506 1632 1545 1664 ibi
1577 1633 1714 1665 factarum

174 1678 293 1710 affertur
316 1679 441 1716 nuntius,
467 1678 571 1710 chorus
596 1679 742 1710 Bacchum
766 1678 887 1710 invocat.
924 1678 1033 1710 lterum
1053 1678 1114 1720 jam
1138 1682 1266 1710 extrema
1291 1678 1403 1711 fabulae
1427 1689 1493 1722 pars
1517 1679 1606 1711 tristia
1630 1679 1715 1712 effert

174 1725 401 1758 Labdacidarum
428 1726 493 1767 sata,
519 1736 605 1769 quam
630 1725 839 1769 expositionem
863 1725 966 1757 chorus
991 1724 1135 1758 concludit
1158 1725 1288 1758 universa
1312 1726 1405 1769 aliqua
1428 1726 1578 1759 sententia.

269 1773 342 1803 Cum
366 1773 418 1803 hac
443 1772 708 1804 interserendorum
733 1772 891 1803 carminum
914 1772 1024 1804 ratione
1049 1772 1167 1813 egregie
1191 1772 1219 1803 id
1243 1776 1345 1814 agatur
1362 1777 1391 1804 et
1412 1772 1561 1814 efficiatur,
1585 1777 1619 1804 ut
1637 1784 1712 1816 quae

174 1823 252 1850 extra
277 1829 392 1850 scenam
417 1818 528 1861 agenda
552 1818 607 1850 sint
631 1818 668 1850 ad
692 1818 906 1862 producendam
936 1818 1094 1860 actionem,
1124 1818 1162 1850 ita
1186 1818 1273 1860 fiant,
1303 1823 1336 1850 ut
1359 1818 1394 1851 ab
1418 1819 1479 1862 ipsa
1503 1829 1537 1851 ea
1560 1829 1607 1861 re,
1638 1830 1712 1863 quae

173 1871 282 1906 agatur,
308 1864 444 1897 auditoris
468 1866 578 1898 animus
602 1877 660 1897 non
685 1865 853 1906 abducatur,
878 1865 930 1898 sed
954 1866 1081 1908 cognatis
1106 1870 1184 1897 certe
1208 1876 1324 1908 semper
1347 1866 1494 1907 afficiatur,
1519 1866 1618 1908 sensis,
1644 1866 1713 1898 dum

173 1917 293 1953 agantur
317 1917 347 1943 et
371 1916 450 1943 extra
474 1923 589 1944 scenam
614 1917 887 1954 praeparentur-ea,
912 1912 1017 1954 quibus
1041 1911 1077 1943 ad
1102 1911 1213 1943 fabulae
1237 1922 1421 1954 progressum
1446 1922 1518 1954 opus
1542 1917 1603 1954 est,
1628 1913 1711 1944 simul

173 1957 210 1989 ita
239 1968 301 1989 rem
332 1968 363 1989 se
395 1956 501 1990 habere
533 1958 613 1989 facile
643 1958 842 2000 intelligimus,
878 1963 911 1990 ut
935 1958 995 2000 ipsa
1026 1958 1079 1989 hac
1108 1957 1225 1990 actionis
1258 1958 1416 1990 cessatione
1442 1957 1524 1990 simul
1548 1957 1711 1991 advertatur

171 2004 339 2046 spectatoris
363 2003 474 2036 animus
498 2004 533 2036 ad
558 2015 621 2036 rem
646 2004 734 2037 modo
758 2009 850 2036 actam
875 2015 977 2048 eaque,
1002 2015 1076 2047 quae
1100 2015 1166 2037 mox
1191 2004 1278 2037 sentit
1301 2004 1421 2047 agenda,
1446 2015 1527 2037 mora
1550 2004 1710 2047 interjecta,
