1943 2355
950 87 1036 126 35'

211 194 303 236 magis
331 192 420 225 etiass
446 196 594 235 exspectet
625 192 669 224 vel
701 196 780 223 certe
809 192 901 235 major
924 191 1066 235 quaedam
1090 191 1123 223 iis
1147 196 1334 235 praeparetur
1357 192 1394 224 ad
1417 203 1485 224 eum
1508 193 1681 226 movendum
1705 195 1746 227 vis

212 246 245 274 et
267 238 400 272 efficacia.
458 239 533 271 Nam
557 238 662 282 aliquid
684 249 752 270 mox
776 238 882 271 sactum
905 238 939 270 iri
962 239 1007 271 vel
1031 249 1066 270 ex
1090 238 1122 270 iis
1148 238 1373 282 facile-colligit,
1404 250 1479 283 quae
1503 240 1563 283 jam
1592 240 1660 273 vidit
1688 242 1744 285 agi,

211 287 256 319 vel
279 291 355 319 totus
378 297 477 318 rerum
501 290 590 318 status
615 285 695 318 facile
719 285 774 318 hoc
798 285 932 318 ostendit.
991 285 1105 317 Eodem
1136 285 1222 328 igitur
1246 286 1312 329 jure
1342 285 1470 319 dicemus
1500 287 1533 319 iis
1557 287 1626 320 locis
1650 288 1743 321 inter-

211 334 318 377 positos
348 344 413 366 esse
443 333 520 365 chori
549 336 664 375 cantus,
700 332 749 365 ubi
778 333 900 365 maxime
929 337 993 365 avet
1023 333 1190 375 spectatoris
1219 333 1329 365 animus
1357 344 1405 366 res
1428 345 1496 366 mox
1520 335 1645 377 agendas
1669 347 1743 379 cog-

211 392 330 413 noscere
355 398 399 403 —
423 380 477 421 vel,
501 390 566 411 cum
590 379 651 421 ipsa
673 379 719 411 illa
742 379 859 411 actionis
882 379 964 422 quies
987 380 1149 411 necessario
1173 380 1328 421 excipiatur
1350 391 1383 411 ac
1406 381 1521 412 finiatur
1543 382 1623 413 novis
1647 382 1743 414 addu-

211 426 322 466 cendis,
358 424 461 469 quibus
489 435 659 469 progressus
689 425 829 457 efficiatur
856 425 973 457 actionis
1002 426 1046 457 vel
1075 436 1173 457 rerum
1203 425 1370 457 conditionis
1399 427 1575 470 immutatio,
1611 428 1644 459 iis
1674 428 1743 461 locis

210 472 376 517 interposita
398 472 443 505 illa
466 472 590 505 carmina
613 476 691 504 recte
716 471 939 514 contendemus,
971 472 1019 504 ubi
1042 483 1147 505 novum
1171 472 1240 516 quid
1263 472 1299 505 sit
1323 473 1544 516 exspectandum
1569 474 1605 507 ad
1630 475 1743 508 fabulae

210 530 395 563 progressum
424 531 509 561 grave
537 524 579 551 et'
598 519 698 550 efficax
715 516 759 562 1).
788 535 832 542 ———
869 520 953 550 Tales
989 520 1105 551 actionis
1142 519 1365 551 intermissiones
1400 522 1574 553 necessarias
1611 533 1676 554 esse
1713 528 1743 554 et

210 566 300 610 ipsius
322 565 364 597 rei
387 570 488 597 natura
510 562 677 608 ostendit2)
702 569 732 596 et
755 565 936 597 consentiens
966 565 1111 607 omnium,
1147 570 1291 609 quotquot
1317 566 1396 609 poesi
1427 566 1597 599 dramaticae
1622 579 1741 612 operam

211 612 361 655 dederuut,
386 613 558 656 populorum
582 611 770 644 consuetudo.
829 613 893 644 Non
918 612 993 644 enim
1024 612 1104 644 facile
1135 613 1240 655 patitur
1268 613 1408 645 humanus
1441 614 1564 657 animus,
1601 616 1741 648 continuis

211 670 325 702 semper
349 659 422 691 affici
444 659 580 701 motibus,
604 669 749 701 nunquam
773 663 902 690 cessante
932 659 1059 700 actione,
1095 670 1169 702 quae
1200 659 1243 690 vel
1267 659 1453 691 admiratione
1478 672 1543 692 eum
1569 662 1672 694 afficiat
1695 663 1740 694 vel

213 704 414 738 misericordia.
463 705 551 744 Quod
575 705 598 736 si
621 704 714 746 fieret,
738 705 832 747 priora
856 704 972 747 quidem
995 705 1176 747 persentiret,
1201 705 1407 747 posterioribus
1431 706 1492 738 sere
1515 718 1552 739 ne
1576 708 1740 740 afficeretur

210 752 335 796 quidem,
360 751 479 784 obtusus
503 750 715 795 quodammodo
739 755 769 782 et
787 751 954 783 hebefactus
971 751 1078 783 iteratis
1098 751 1305 784 affectionibus.
1343 752 1431 791 Quod
1452 764 1517 785 cum
1531 754 1591 796 jam
1609 755 1739 797 legentes

211 799 364 835 sentiamus
388 798 534 840 obtinere,
564 798 654 829 multo
679 797 768 839 magis
792 798 878 829 etiam
901 798 995 829 valere
1019 798 1055 829 de
1080 798 1181 830 sabulis
1205 808 1272 830 vere
1297 799 1414 841 agendis
1438 805 1660 833 consentaneum
1684 807 1738 834 est.

209 846 273 877 Non
302 830 513 888 opusflvidetur
542 844 630 875 fusius
661 853 819 886 exponere,
855 844 1067 928 quaWc
1102 848 1217 875 nostrae
1250 845 1443 877 recentiorum
1477 846 1578 878 rationi
1613 853 1740 890 praestet

210 891 389 934 antiquorum
423 895 573 933 poetarum
602 890 808 933 Sophoclisque
840 890 943 922 maxim
1033 901 1071 922 10.
1129 891 1225 922 Facile
1255 892 1330 923 enim
1358 892 1522 934 intelligitur
1550 904 1613 925 rem
1639 895 1677 926 ita
1707 906 1738 927 se

209 937 326 969 habere.
383 938 458 968 Nam
485 948 551 968 cum
582 936 671 968 nostri
695 940 806 968 actores
829 947 882 978 per
904 947 999 968 moras
1028 937 1131 968 actioni
1159 937 1340 979 interpositas
1370 943 1418 970 aut
1447 950 1566 981 prorsus
1590 951 1647 972 non
1671 941 1739 972 affi-

211 984 285 1016 ciant
308 982 469 1015 auditorum
493 983 611 1024 animos,
637 986 694 1024 aut,
719 982 797 1025 quod
820 983 989 1026 plerumque
1008 983 1050 1024 fit,
1076 983 1261 1015 concentibus
1279 984 1394 1016 musicis
1412 986 1578 1028 saepissime
1599 987 1739 1019 contraria

210 1030 427 1074 provocantibus
452 1030 535 1062 animi
560 1040 643 1061 sensa
668 1040 700 1060 ac
723 1029 783 1072 ipsa
807 1029 910 1071 sabula,
935 1041 1052 1072 quoquo
1075 1041 1124 1061 mo
1146 1041 1164 1061 o
1182 1041 1232 1062 eos
1251 1028 1365 1063 afficere
1385 1031 1518 1064 studeant
1535 1038 1565 1064 et
1583 1033 1739 1076 delectare,

210 1088 247 1108 ne
272 1076 447 1118 longioribus
477 1076 628 1107 intervallis
652 1075 688 1106 ad
712 1086 814 1107 scenae
838 1076 1010 1107 mutationes
1033 1077 1078 1107 vel
1177 1077 1318 1118 quaedam
1342 1079 1537 1120 praeparanda
1560 1081 1739 1121 necessariis,

211 1122 371 1154 auditorum
401 1122 540 1154 excitetur
568 1121 709 1163 taedium,
747 1122 872 1153 Graecos
899 1121 1027 1153 videmus
1062 1122 1100 1153 ita
1135 1133 1235 1164 agere,
1271 1128 1304 1155 ut
1334 1128 1364 1155 et
1392 1123 1494 1156 iisdem
1523 1125 1738 1158 delectamentis

212 1169 334 1211 gaudeat
357 1168 469 1200 auditor
491 1168 676 1211 pluribusque
701 1168 786 1199 etiam
809 1168 963 1200 accedente
988 1173 1071 1200 cantu
1095 1179 1129 1200 ac
1155 1169 1317 1211 saltatione,
1346 1175 1375 1202 et
1399 1170 1534 1213 addatur,
1570 1173 1649 1215 quod
1672 1173 1738 1204 ani-

211 1226 290 1247 mum
313 1214 413 1257 magis,
438 1225 525 1257 quam
549 1225 665 1255 sensus,
690 1214 846 1247 afficiat.et
868 1214 990 1246 retineat
1012 1215 1041 1246 in
1065 1214 1167 1246 eadem
1190 1226 1239 1257 re,
1264 1227 1351 1258 quam
1374 1216 1443 1248 vidit
1466 1218 1521 1260 agi,
1546 1228 1629 1250 sensa
1653 1219 1737 1261 cogi-

212 1261 390 1304 tationesque
426 1261 596 1293 auditorum.
655 1261 721 1292 Non
757 1260 836 1292 facile
873 1261 949 1292 enim
979 1260 1130 1305 quisquam
1158 1262 1264 1304 poterit
1291 1273 1414 1305 negare,
1450 1264 1473 1295 si
1501 1265 1616 1308 requies
1646 1265 1740 1298 danda

212 1308 353 1352 quaedam
377 1308 503 1340 audienti
528 1307 689 1350 duplicique
714 1308 768 1339 hoc
792 1307 852 1339 fieri
877 1312 974 1350 potest
997 1308 1094 1349 modo,
1119 1308 1156 1340 ita
1180 1314 1212 1340 ut
1235 1314 1284 1341 aut
1308 1310 1344 1341 ad
1368 1310 1419 1342 alia
1437 1311 1534 1343 omnia
1552 1312 1631 1344 abire
1648 1312 1740 1355 possit

212 1354 382 1396 cogitatione
410 1359 460 1385 aut
483 1355 522 1385 ita
545 1354 685 1385 afficiatur
708 1364 741 1385 ac
765 1353 934 1394 delectetur,
958 1359 991 1385 ut
1014 1355 1206 1396 persimilibus
1231 1355 1449 1396 cogitationibus
1467 1368 1533 1388 cum
1548 1358 1609 1400 ipsa
1627 1359 1739 1390 actione

212 1399 433 1432 cohaerentibus
464 1404 614 1432 recreetur
644 1399 860 1442 quodammodo
892 1400 990 1442 itaque
1018 1406 1205 1443 praeparetur
1234 1401 1270 1432 ad
1299 1401 1477 1444 insequentia
1506 1403 1594 1446 idque
1627 1405 1739 1436 ratione

213 1447 263 1479 fiat
299 1458 316 1479 a
350 1458 416 1479 vera
446 1447 520 1479 vitae
553 1446 716 1478 conditione
745 1457 802 1478 non
833 1446 868 1478 ad
897 1446 1017 1478 modum
1046 1447 1201 1480 recedente
1230 1447 1405 1491 minimeque
1433 1449 1472 1481 ita
1503 1450 1670 1483 offendente
1693 1469 1739 1474 —-

212 1504 316 1533 nemo,
348 1493 480 1534 inquam,
505 1493 640 1534 negabit,
667 1493 788 1524 alteram
817 1493 890 1523 hanc
920 1493 1062 1524 rationem
1093 1494 1180 1535 longe
1208 1504 1273 1524 esse
1301 1495 1531 1536 praeferendam.
1590 1497 1638 1528 Ad
1668 1498 1740 1528 hauc

211 1539 296 1579 longe
320 1538 449 1580 propius,
477 1548 562 1580 quam
586 1537 733 1579 tragoedia
756 1542 862 1578 nostra,
888 1549 978 1579 opera
1001 1538 1128 1578 accedit,
1152 1543 1185 1570 ut
1207 1539 1262 1570 hoc
1285 1539 1424 1571 vocabulo
1447 1545 1513 1573 utar
1535 1542 1740 1583 significatione

213 1595 313 1628 parum
336 1584 431 1626 latina,
456 1584 558 1616 iisdem
583 1587 661 1616 certe
685 1588 769 1616 utens
793 1595 845 1627 per
867 1584 1012 1616 intervalla
1035 1584 1071 1616 ad
1096 1584 1277 1617 afficiendum
1302 1586 1429 1618 animum
1452 1587 1569 1629 artibus,
1594 1600 1668 1632 quae
1687 1600 1741 1632 per

211 1642 306 1662 veram
337 1631 478 1663 actionem
507 1631 629 1662 maxime
660 1630 845 1672 adhibentur,
890 1631 1046 1673 similiaque
1073 1636 1134 1663 tum
1166 1631 1283 1663 studens
1312 1644 1469 1674 provocare
1498 1646 1590 1666 sensa.
1655 1636 1741 1674 Quos

211 1681 310 1709 contra
333 1676 361 1708 in
387 1677 490 1709 eadem
513 1688 600 1720 opera
630 1676 750 1719 produci
780 1676 908 1708 videmus
939 1677 1058 1719 choros,
1094 1677 1111 1708 ii
1136 1688 1201 1709 cum
1226 1678 1354 1710 Graecae
1378 1680 1542 1721 tragoediae
1565 1681 1660 1713 choris
1684 1693 1741 1714 non

210 1724 301 1766 magis
328 1728 464 1767 poterunt
487 1724 644 1767 comparari
669 1728 698 1756 et
721 1724 834 1767 cognati
857 1723 962 1767 aliquid
985 1724 1072 1756 videri
1096 1724 1220 1767 habere,
1245 1736 1331 1768 quam
1355 1726 1433 1769 ipsae
1458 1738 1564 1771 operae
1588 1740 1654 1761 cum
1677 1734 1740 1761 tra-

211 1770 331 1812 goediis.
379 1772 419 1803 Ut
443 1771 518 1802 enim
542 1782 595 1813 per
618 1775 693 1802 totas
718 1781 820 1813 operas
846 1781 891 1802 ars
915 1771 1023 1802 musica
1047 1782 1188 1803 summam
1214 1766 1425 1827 exeret-im,
1449 1774 1487 1805 ita
1510 1786 1563 1817 per
1587 1776 1741 1807 chororum

210 1827 328 1860 quoque
352 1822 468 1859 cantus,
499 1817 529 1848 in
558 1816 707 1860 tragoedia
743 1821 841 1849 contra
876 1828 941 1848 cum
966 1817 1107 1860 adaugeat
1130 1817 1274 1850 interdum
1298 1819 1489 1862 singulorum,
1521 1821 1643 1854 maxime
1667 1822 1742 1854 cho—

210 1862 335 1895 ricorum
358 1863 414 1896 vim
439 1864 578 1896 accedens
602 1863 742 1907 quaedam
766 1864 939 1907 modulatio,
971 1875 1086 1908 semper
1109 1865 1196 1897 verba
1221 1876 1362 1898 summam
1386 1867 1494 1900 habent
1517 1869 1682 1911 gravitatem
1696 1866 1742 1913 8).

234 1945 259 1976 ¹)
277 1947 309 1970 cf.
327 1947 428 1979 Gruppii
445 1947 566 1972 Ariadnae
583 1956 606 1980 p.
625 1949 673 1971 168
690 1951 715 1972 et
731 1949 788 1972 225.

235 1979 262 2009 ¹)
279 1979 393 2004 Pluribus
411 1979 458 2004 hoe
476 1982 612 2012 expositum
630 1982 720 2013 reperis
738 1989 752 2005 a
770 1980 914 2006 Gerubardo
931 1982 1127 2007 obsemtionum
1143 1984 1167 2008 in
1185 1981 1344 2009 Philoctetam
1363 1992 1385 2015 p.
1403 1985 1434 2007 18
1451 1993 1487 2016 sq.

239 2012 265 2043 ⁸)
283 2014 314 2038 cf.
331 2012 460 2045 schlegelii
478 2014 538 2039 liber
555 2015 652 2046 saepius
669 2015 781 2039 laudatus
799 2023 821 2047 p.
837 2017 868 2039 81
888 2023 924 2046 sq.

1367 2057 1422 2091 ὅθι
