<?xml version="1.0" encoding="UTF-8"?>
<!DOCTYPE html PUBLIC "-//W3C//DTD XHTML 1.0 Transitional//EN"
    "http://www.w3.org/TR/xhtml1/DTD/xhtml1-transitional.dtd">
<html xmlns="http://www.w3.org/1999/xhtml" xml:lang="en" lang="en">
 <head>
  <title>
</title>
<meta http-equiv="Content-Type" content="text/html;charset=utf-8" />
  <meta name='ocr-system' content='tesseract 3.04.00' />
  <meta name='ocr-capabilities' content='ocr_page ocr_carea ocr_par ocr_line ocrx_word'/>
</head>
<body>
  <div class='ocr_page' id='page_1' title='image "./4627217_0008.png"; bbox 0 0 1943 2355; ppageno 0'>
   <div class='ocr_carea' id='block_1_1' title="bbox 958 87 1002 118">
    <p class='ocr_par' dir='ltr' id='par_1_1' title="bbox 958 87 1002 118">
     <span class='ocr_line' id='line_1_1' title="bbox 958 87 1002 118; baseline 0 0"><span class='ocrx_word' id='word_1_1' title='bbox 958 87 1002 118; x_wconf 78' lang='lat'>22</span> 
     </span>
    </p>
   </div>
   <div class='ocr_carea' id='block_1_2' title="bbox 835 135 970 139">
    <p class='ocr_par' dir='ltr' id='par_1_2' title="bbox 835 135 970 139">
     <span class='ocr_line' id='line_1_2' title="bbox 835 135 970 139; baseline 0 0"><span class='ocrx_word' id='word_1_2' title='bbox 835 135 970 139; x_wconf 95' lang='lat' dir='ltr'> </span> 
     </span>
    </p>
   </div>
   <div class='ocr_carea' id='block_1_3' title="bbox 972 134 1124 139">
    <p class='ocr_par' dir='ltr' id='par_1_3' title="bbox 972 134 1124 139">
     <span class='ocr_line' id='line_1_3' title="bbox 972 134 1124 139; baseline 0 0"><span class='ocrx_word' id='word_1_3' title='bbox 972 134 1124 139; x_wconf 95' lang='lat' dir='ltr'> </span> 
     </span>
    </p>
   </div>
   <div class='ocr_carea' id='block_1_4' title="bbox 173 182 1754 1631">
    <p class='ocr_par' dir='ltr' id='par_1_4' title="bbox 173 182 1751 822">
     <span class='ocr_line' id='line_1_4' title="bbox 217 182 1749 230; baseline 0.001 -12"><span class='ocrx_word' id='word_1_4' title='bbox 217 186 362 230; x_wconf 87' lang='lat' dir='ltr'>praeclara</span> <span class='ocrx_word' id='word_1_5' title='bbox 396 185 569 228; x_wconf 86' lang='lat' dir='ltr'>egregiaque</span> <span class='ocrx_word' id='word_1_6' title='bbox 604 185 693 216; x_wconf 87' lang='lat' dir='ltr'>multa</span> <span class='ocrx_word' id='word_1_7' title='bbox 722 185 750 216; x_wconf 93' lang='lat' dir='ltr'>in</span> <span class='ocrx_word' id='word_1_8' title='bbox 782 185 834 216; x_wconf 88' lang='lat' dir='ltr'>iliis</span> <span class='ocrx_word' id='word_1_9' title='bbox 864 184 975 216; x_wconf 81' lang='lat' dir='ltr'>ostendi</span> <span class='ocrx_word' id='word_1_10' title='bbox 1009 201 1056 206; x_wconf 89' lang='lat'>—</span> <span class='ocrx_word' id='word_1_11' title='bbox 1090 183 1157 226; x_wconf 91' lang='lat' dir='ltr'>quin</span> <span class='ocrx_word' id='word_1_12' title='bbox 1192 182 1291 225; x_wconf 90' lang='lat' dir='ltr'>optimi</span> <span class='ocrx_word' id='word_1_13' title='bbox 1325 183 1432 227; x_wconf 91' lang='lat' dir='ltr'>quique</span> <span class='ocrx_word' id='word_1_14' title='bbox 1461 187 1491 216; x_wconf 92' lang='lat' dir='ltr'>et</span> <span class='ocrx_word' id='word_1_15' title='bbox 1517 185 1749 227; x_wconf 64' lang='lat' dir='ltr'><strong>praestantissimi</strong></span> 
     </span>
     <span class='ocr_line' id='line_1_5' title="bbox 217 229 1749 275; baseline 0.001 -11"><span class='ocrx_word' id='word_1_16' title='bbox 217 233 370 275; x_wconf 87' lang='lat' dir='ltr'>eliguntur,</span> <span class='ocrx_word' id='word_1_17' title='bbox 394 242 517 275; x_wconf 89' lang='lat' dir='ltr'>quorum</span> <span class='ocrx_word' id='word_1_18' title='bbox 541 232 672 274; x_wconf 86' lang='lat' dir='ltr'>exemplo</span> <span class='ocrx_word' id='word_1_19' title='bbox 697 231 751 263; x_wconf 90' lang='lat' dir='ltr'>hoc</span> <span class='ocrx_word' id='word_1_20' title='bbox 775 230 1005 271; x_wconf 83' lang='lat' dir='ltr'>demonstretur3</span> <span class='ocrx_word' id='word_1_21' title='bbox 1041 241 1057 262; x_wconf 91' lang='lat' dir='ltr'>a</span> <span class='ocrx_word' id='word_1_22' title='bbox 1080 230 1199 272; x_wconf 63' lang='lat' dir='ltr'>vulgari</span> <span class='ocrx_word' id='word_1_23' title='bbox 1220 229 1296 261; x_wconf 88' lang='lat' dir='ltr'>enim</span> <span class='ocrx_word' id='word_1_24' title='bbox 1320 229 1374 262; x_wconf 88' lang='lat' dir='ltr'>vita</span> <span class='ocrx_word' id='word_1_25' title='bbox 1399 230 1519 274; x_wconf 88' lang='lat' dir='ltr'>ejusque</span> <span class='ocrx_word' id='word_1_26' title='bbox 1543 232 1749 266; x_wconf 89' lang='lat' dir='ltr'>consuetudine</span> 
     </span>
     <span class='ocr_line' id='line_1_6' title="bbox 217 276 1747 321; baseline -0.001 -9"><span class='ocrx_word' id='word_1_27' title='bbox 217 279 327 312; x_wconf 83' lang='lat' dir='ltr'>recedit</span> <span class='ocrx_word' id='word_1_28' title='bbox 355 282 385 311; x_wconf 89' lang='lat' dir='ltr'>et</span> <span class='ocrx_word' id='word_1_29' title='bbox 412 289 482 321; x_wconf 85' lang='lat' dir='ltr'>epos</span> <span class='ocrx_word' id='word_1_30' title='bbox 513 283 542 310; x_wconf 91' lang='lat' dir='ltr'>et</span> <span class='ocrx_word' id='word_1_31' title='bbox 570 277 732 320; x_wconf 86' lang='lat' dir='ltr'>tragoedia,</span> <span class='ocrx_word' id='word_1_32' title='bbox 768 278 895 321; x_wconf 88' lang='lat' dir='ltr'>quamvis</span> <span class='ocrx_word' id='word_1_33' title='bbox 918 282 1071 319; x_wconf 89' lang='lat' dir='ltr'>utrumque</span> <span class='ocrx_word' id='word_1_34' title='bbox 1096 287 1187 318; x_wconf 86' lang='lat' dir='ltr'>genus</span> <span class='ocrx_word' id='word_1_35' title='bbox 1210 276 1283 308; x_wconf 88' lang='lat' dir='ltr'>vitae</span> <span class='ocrx_word' id='word_1_36' title='bbox 1307 287 1485 319; x_wconf 89' lang='lat' dir='ltr'>persequens</span> <span class='ocrx_word' id='word_1_37' title='bbox 1509 277 1667 310; x_wconf 85' lang='lat' dir='ltr'>veritatem.</span> <span class='ocrx_word' id='word_1_38' title='bbox 1704 296 1747 303; x_wconf 90' lang='lat'>—-</span> 
     </span>
     <span class='ocr_line' id='line_1_7' title="bbox 217 322 1749 367; baseline 0 -9"><span class='ocrx_word' id='word_1_39' title='bbox 217 327 301 358; x_wconf 88' lang='lat' dir='ltr'>Hanc</span> <span class='ocrx_word' id='word_1_40' title='bbox 328 335 406 365; x_wconf 91' lang='lat' dir='ltr'>rem,</span> <span class='ocrx_word' id='word_1_41' title='bbox 439 324 476 356; x_wconf 84' lang='lat' dir='ltr'>ad</span> <span class='ocrx_word' id='word_1_42' title='bbox 504 324 628 356; x_wconf 80' lang='lat' dir='ltr'>carmina</span> <span class='ocrx_word' id='word_1_43' title='bbox 657 324 737 367; x_wconf 87' lang='lat' dir='ltr'>epica</span> <span class='ocrx_word' id='word_1_44' title='bbox 767 324 790 355; x_wconf 91' lang='lat' dir='ltr'>si</span> <span class='ocrx_word' id='word_1_45' title='bbox 819 324 1001 367; x_wconf 85' lang='lat' dir='ltr'>respicimus,</span> <span class='ocrx_word' id='word_1_46' title='bbox 1035 327 1064 354; x_wconf 86' lang='lat' dir='ltr'>et</span> <span class='ocrx_word' id='word_1_47' title='bbox 1086 322 1147 364; x_wconf 86' lang='lat' dir='ltr'>ipsa</span> <span class='ocrx_word' id='word_1_48' title='bbox 1171 333 1273 354; x_wconf 89' lang='lat' dir='ltr'>eorum</span> <span class='ocrx_word' id='word_1_49' title='bbox 1295 322 1367 355; x_wconf 89' lang='lat' dir='ltr'>ratio</span> <span class='ocrx_word' id='word_1_50' title='bbox 1390 322 1575 367; x_wconf 85' lang='lat' dir='ltr'>ipsorumque</span> <span class='ocrx_word' id='word_1_51' title='bbox 1598 329 1749 367; x_wconf 86' lang='lat' dir='ltr'>poetarum</span> 
     </span>
     <span class='ocr_line' id='line_1_8' title="bbox 216 368 1750 414; baseline 0 -11"><span class='ocrx_word' id='word_1_52' title='bbox 216 371 291 404; x_wconf 86' lang='lat' dir='ltr'>dicta</span> <span class='ocrx_word' id='word_1_53' title='bbox 314 370 445 414; x_wconf 89' lang='lat' dir='ltr'>probant.</span> <span class='ocrx_word' id='word_1_54' title='bbox 493 371 596 413; x_wconf 84' lang='lat' dir='ltr'>Neque</span> <span class='ocrx_word' id='word_1_55' title='bbox 625 371 701 402; x_wconf 90' lang='lat' dir='ltr'>enim</span> <span class='ocrx_word' id='word_1_56' title='bbox 731 370 795 402; x_wconf 83' lang='lat' dir='ltr'>Ilias</span> <span class='ocrx_word' id='word_1_57' title='bbox 822 370 859 402; x_wconf 86' lang='lat' dir='ltr'>ita</span> <span class='ocrx_word' id='word_1_58' title='bbox 889 370 1013 402; x_wconf 88' lang='lat' dir='ltr'>continet</span> <span class='ocrx_word' id='word_1_59' title='bbox 1035 368 1151 400; x_wconf 87' lang='lat' dir='ltr'>Achillis</span> <span class='ocrx_word' id='word_1_60' title='bbox 1181 368 1297 412; x_wconf 77' lang='lat' dir='ltr'>laudes,</span> <span class='ocrx_word' id='word_1_61' title='bbox 1326 374 1359 402; x_wconf 93' lang='lat' dir='ltr'>ut</span> <span class='ocrx_word' id='word_1_62' title='bbox 1381 374 1492 402; x_wconf 88' lang='lat' dir='ltr'>tantum</span> <span class='ocrx_word' id='word_1_63' title='bbox 1516 371 1631 414; x_wconf 87' lang='lat' dir='ltr'>egregia</span> <span class='ocrx_word' id='word_1_64' title='bbox 1655 371 1750 404; x_wconf 85' lang='lat' dir='ltr'>omnia</span> 
     </span>
     <span class='ocr_line' id='line_1_9' title="bbox 173 415 1749 462; baseline 0.001 -12"><span class='ocrx_word' id='word_1_65' title='bbox 173 425 177 432; x_wconf 76' lang='lat'><strong>¹</strong></span> <span class='ocrx_word' id='word_1_66' title='bbox 217 419 254 451; x_wconf 90' lang='lat' dir='ltr'>de</span> <span class='ocrx_word' id='word_1_67' title='bbox 278 418 327 450; x_wconf 93' lang='lat' dir='ltr'>illo</span> <span class='ocrx_word' id='word_1_68' title='bbox 351 415 483 460; x_wconf 79' lang='lat' dir='ltr'>exponat,</span> <span class='ocrx_word' id='word_1_69' title='bbox 508 417 561 449; x_wconf 88' lang='lat' dir='ltr'>sed</span> <span class='ocrx_word' id='word_1_70' title='bbox 585 421 643 449; x_wconf 89' lang='lat' dir='ltr'>tota</span> <span class='ocrx_word' id='word_1_71' title='bbox 668 422 712 449; x_wconf 88' lang='lat' dir='ltr'>est</span> <span class='ocrx_word' id='word_1_72' title='bbox 736 417 893 461; x_wconf 79' lang='lat' dir='ltr'>composita</span> <span class='ocrx_word' id='word_1_73' title='bbox 916 416 952 448; x_wconf 85' lang='lat' dir='ltr'>ad</span> <span class='ocrx_word' id='word_1_74' title='bbox 976 415 1194 448; x_wconf 82' lang='lat' dir='ltr'>describendam</span> <span class='ocrx_word' id='word_1_75' title='bbox 1218 415 1279 458; x_wconf 92' lang='lat' dir='ltr'>ejus</span> <span class='ocrx_word' id='word_1_76' title='bbox 1303 416 1374 448; x_wconf 86' lang='lat' dir='ltr'>iram</span> <span class='ocrx_word' id='word_1_77' title='bbox 1394 417 1638 450; x_wconf 85' lang='lat' dir='ltr'>vehementiorem</span> <span class='ocrx_word' id='word_1_78' title='bbox 1657 429 1749 462; x_wconf 86' lang='lat' dir='ltr'>eaque</span> 
     </span>
     <span class='ocr_line' id='line_1_10' title="bbox 217 462 1749 507; baseline 0 -10"><span class='ocrx_word' id='word_1_79' title='bbox 217 465 323 506; x_wconf 86' lang='lat' dir='ltr'>omnia,</span> <span class='ocrx_word' id='word_1_80' title='bbox 347 474 421 507; x_wconf 85' lang='lat' dir='ltr'>quae</span> <span class='ocrx_word' id='word_1_81' title='bbox 445 474 480 495; x_wconf 86' lang='lat' dir='ltr'>ex</span> <span class='ocrx_word' id='word_1_82' title='bbox 505 474 539 495; x_wconf 88' lang='lat' dir='ltr'>ea</span> <span class='ocrx_word' id='word_1_83' title='bbox 564 468 645 496; x_wconf 88' lang='lat' dir='ltr'>erant</span> <span class='ocrx_word' id='word_1_84' title='bbox 669 469 831 505; x_wconf 85' lang='lat' dir='ltr'>consecuta,</span> <span class='ocrx_word' id='word_1_85' title='bbox 857 463 948 495; x_wconf 90' lang='lat' dir='ltr'>donec</span> <span class='ocrx_word' id='word_1_86' title='bbox 973 466 1033 494; x_wconf 87' lang='lat' dir='ltr'>erat</span> <span class='ocrx_word' id='word_1_87' title='bbox 1056 462 1182 505; x_wconf 81' lang='lat' dir='ltr'>placatus</span> <span class='ocrx_word' id='word_1_88' title='bbox 1207 462 1269 505; x_wconf 89' lang='lat' dir='ltr'>ejus</span> <span class='ocrx_word' id='word_1_89' title='bbox 1287 463 1396 495; x_wconf 90' lang='lat' dir='ltr'>animus</span> <span class='ocrx_word' id='word_1_90' title='bbox 1414 481 1458 486; x_wconf 91' lang='lat'>—</span> <span class='ocrx_word' id='word_1_91' title='bbox 1477 468 1506 495; x_wconf 92' lang='lat' dir='ltr'>et</span> <span class='ocrx_word' id='word_1_92' title='bbox 1524 463 1585 507; x_wconf 92' lang='lat' dir='ltr'>ipse</span> <span class='ocrx_word' id='word_1_93' title='bbox 1602 465 1749 497; x_wconf 83' lang='lat' dir='ltr'>Homerus</span> 
     </span>
     <span class='ocr_line' id='line_1_11' title="bbox 217 508 1749 555; baseline 0 -11"><span class='ocrx_word' id='word_1_94' title='bbox 217 512 320 555; x_wconf 88' lang='lat' dir='ltr'>aliique</span> <span class='ocrx_word' id='word_1_95' title='bbox 344 511 407 554; x_wconf 87' lang='lat' dir='ltr'>plus</span> <span class='ocrx_word' id='word_1_96' title='bbox 431 521 488 542; x_wconf 89' lang='lat' dir='ltr'>uno</span> <span class='ocrx_word' id='word_1_97' title='bbox 512 511 577 543; x_wconf 93' lang='lat' dir='ltr'>loco</span> <span class='ocrx_word' id='word_1_98' title='bbox 601 510 735 551; x_wconf 74' lang='lat' dir='ltr'>efferunt,</span> <span class='ocrx_word' id='word_1_99' title='bbox 760 522 818 543; x_wconf 90' lang='lat' dir='ltr'>non</span> <span class='ocrx_word' id='word_1_100' title='bbox 841 521 891 542; x_wconf 89' lang='lat' dir='ltr'>eos</span> <span class='ocrx_word' id='word_1_101' title='bbox 915 508 1084 542; x_wconf 73' lang='lat' dir='ltr'>carminibus</span> <span class='ocrx_word' id='word_1_102' title='bbox 1108 508 1286 542; x_wconf 88' lang='lat' dir='ltr'>celebratum</span> <span class='ocrx_word' id='word_1_103' title='bbox 1303 510 1347 551; x_wconf 88' lang='lat' dir='ltr'>iri,</span> <span class='ocrx_word' id='word_1_104' title='bbox 1372 510 1420 554; x_wconf 89' lang='lat' dir='ltr'>qui</span> <span class='ocrx_word' id='word_1_105' title='bbox 1439 521 1550 543; x_wconf 87' lang='lat' dir='ltr'>summa</span> <span class='ocrx_word' id='word_1_106' title='bbox 1567 511 1749 554; x_wconf 75' lang='lat' dir='ltr'>perfecerint,</span> 
     </span>
     <span class='ocr_line' id='line_1_12' title="bbox 217 553 1749 600; baseline 0 -9"><span class='ocrx_word' id='word_1_107' title='bbox 217 558 357 599; x_wconf 90' lang='lat' dir='ltr'>homines,</span> <span class='ocrx_word' id='word_1_108' title='bbox 382 556 434 590; x_wconf 91' lang='lat' dir='ltr'>sed</span> <span class='ocrx_word' id='word_1_109' title='bbox 458 557 506 600; x_wconf 90' lang='lat' dir='ltr'>qui</span> <span class='ocrx_word' id='word_1_110' title='bbox 529 558 662 589; x_wconf 84' lang='lat' dir='ltr'>Deorum</span> <span class='ocrx_word' id='word_1_111' title='bbox 686 563 756 590; x_wconf 90' lang='lat' dir='ltr'>nutu</span> <span class='ocrx_word' id='word_1_112' title='bbox 781 557 899 600; x_wconf 88' lang='lat' dir='ltr'>plurima</span> <span class='ocrx_word' id='word_1_113' title='bbox 923 557 977 589; x_wconf 86' lang='lat' dir='ltr'>sint</span> <span class='ocrx_word' id='word_1_114' title='bbox 1000 553 1177 599; x_wconf 88' lang='lat' dir='ltr'>perpessi.1)</span> <span class='ocrx_word' id='word_1_115' title='bbox 1213 556 1374 599; x_wconf 79' lang='lat' dir='ltr'>Tragoedia</span> <span class='ocrx_word' id='word_1_116' title='bbox 1391 568 1459 590; x_wconf 88' lang='lat' dir='ltr'>vero</span> <span class='ocrx_word' id='word_1_117' title='bbox 1478 557 1603 590; x_wconf 85' lang='lat' dir='ltr'>ostendit</span> <span class='ocrx_word' id='word_1_118' title='bbox 1620 558 1749 591; x_wconf 89' lang='lat' dir='ltr'>homines</span> 
     </span>
     <span class='ocr_line' id='line_1_13' title="bbox 218 603 1750 647; baseline 0.001 -11"><span class='ocrx_word' id='word_1_119' title='bbox 218 605 349 647; x_wconf 84' lang='lat' dir='ltr'>egregios</span> <span class='ocrx_word' id='word_1_120' title='bbox 382 614 434 646; x_wconf 89' lang='lat' dir='ltr'>per</span> <span class='ocrx_word' id='word_1_121' title='bbox 463 604 535 635; x_wconf 84' lang='lat' dir='ltr'>sacta</span> <span class='ocrx_word' id='word_1_122' title='bbox 569 605 738 647; x_wconf 86' lang='lat' dir='ltr'>plerumque</span> <span class='ocrx_word' id='word_1_123' title='bbox 768 604 883 635; x_wconf 88' lang='lat' dir='ltr'>consilio</span> <span class='ocrx_word' id='word_1_124' title='bbox 912 607 991 634; x_wconf 86' lang='lat' dir='ltr'>recto</span> <span class='ocrx_word' id='word_1_125' title='bbox 1021 603 1172 645; x_wconf 78' lang='lat' dir='ltr'>bonoque,</span> <span class='ocrx_word' id='word_1_126' title='bbox 1209 603 1261 634; x_wconf 92' lang='lat' dir='ltr'>sed</span> <span class='ocrx_word' id='word_1_127' title='bbox 1284 614 1342 635; x_wconf 92' lang='lat' dir='ltr'>non</span> <span class='ocrx_word' id='word_1_128' title='bbox 1366 603 1520 635; x_wconf 82' lang='lat' dir='ltr'>admodum</span> <span class='ocrx_word' id='word_1_129' title='bbox 1544 604 1750 647; x_wconf 87' lang='lat' dir='ltr'>circumspecto</span> 
     </span>
     <span class='ocr_line' id='line_1_14' title="bbox 217 648 1750 694; baseline 0.001 -12"><span class='ocrx_word' id='word_1_130' title='bbox 217 655 350 693; x_wconf 86' lang='lat' dir='ltr'>suscepta</span> <span class='ocrx_word' id='word_1_131' title='bbox 374 650 401 681; x_wconf 93' lang='lat' dir='ltr'>in</span> <span class='ocrx_word' id='word_1_132' title='bbox 425 650 499 681; x_wconf 86' lang='lat' dir='ltr'>mala</span> <span class='ocrx_word' id='word_1_133' title='bbox 524 649 645 691; x_wconf 78' lang='lat' dir='ltr'>deferri,</span> <span class='ocrx_word' id='word_1_134' title='bbox 677 661 742 681; x_wconf 91' lang='lat' dir='ltr'>cum</span> <span class='ocrx_word' id='word_1_135' title='bbox 769 650 899 692; x_wconf 78' lang='lat' dir='ltr'>superius</span> <span class='ocrx_word' id='word_1_136' title='bbox 923 648 1056 692; x_wconf 75' lang='lat' dir='ltr'>quiddam</span> <span class='ocrx_word' id='word_1_137' title='bbox 1080 649 1118 680; x_wconf 86' lang='lat' dir='ltr'>ita</span> <span class='ocrx_word' id='word_1_138' title='bbox 1141 649 1185 680; x_wconf 89' lang='lat' dir='ltr'>vel</span> <span class='ocrx_word' id='word_1_139' title='bbox 1210 649 1314 681; x_wconf 87' lang='lat' dir='ltr'>violent</span> <span class='ocrx_word' id='word_1_140' title='bbox 1337 650 1381 681; x_wconf 90' lang='lat' dir='ltr'>vel</span> <span class='ocrx_word' id='word_1_141' title='bbox 1405 650 1564 692; x_wconf 87' lang='lat' dir='ltr'>negligant,</span> <span class='ocrx_word' id='word_1_142' title='bbox 1597 650 1688 694; x_wconf 91' lang='lat' dir='ltr'>iisque</span> <span class='ocrx_word' id='word_1_143' title='bbox 1712 651 1750 684; x_wconf 86' lang='lat' dir='ltr'>ita</span> 
     </span>
     <span class='ocr_line' id='line_1_15' title="bbox 217 695 1750 738; baseline 0 -9"><span class='ocrx_word' id='word_1_144' title='bbox 217 697 335 729; x_wconf 90' lang='lat' dir='ltr'>demum</span> <span class='ocrx_word' id='word_1_145' title='bbox 364 695 493 735; x_wconf 77' lang='lat' dir='ltr'>liberari,</span> <span class='ocrx_word' id='word_1_146' title='bbox 523 700 556 727; x_wconf 93' lang='lat' dir='ltr'>ut</span> <span class='ocrx_word' id='word_1_147' title='bbox 585 697 742 738; x_wconf 85' lang='lat' dir='ltr'>perspectis</span> <span class='ocrx_word' id='word_1_148' title='bbox 771 696 902 738; x_wconf 79' lang='lat' dir='ltr'>quidem,</span> <span class='ocrx_word' id='word_1_149' title='bbox 934 706 1007 738; x_wconf 91' lang='lat' dir='ltr'>quae</span> <span class='ocrx_word' id='word_1_150' title='bbox 1037 695 1075 726; x_wconf 90' lang='lat' dir='ltr'>ita</span> <span class='ocrx_word' id='word_1_151' title='bbox 1099 699 1180 726; x_wconf 86' lang='lat' dir='ltr'>erant</span> <span class='ocrx_word' id='word_1_152' title='bbox 1204 695 1277 727; x_wconf 82' lang='lat' dir='ltr'>sacta</span> <span class='ocrx_word' id='word_1_153' title='bbox 1301 700 1399 727; x_wconf 81' lang='lat' dir='ltr'>contra</span> <span class='ocrx_word' id='word_1_154' title='bbox 1422 697 1554 728; x_wconf 84' lang='lat' dir='ltr'>Deorum</span> <span class='ocrx_word' id='word_1_155' title='bbox 1578 697 1750 729; x_wconf 84' lang='lat' dir='ltr'>voluntatem</span> 
     </span>
     <span class='ocr_line' id='line_1_16' title="bbox 216 741 1751 786; baseline 0.001 -11"><span class='ocrx_word' id='word_1_156' title='bbox 216 744 261 775; x_wconf 81' lang='lat' dir='ltr'>vel</span> <span class='ocrx_word' id='word_1_157' title='bbox 291 743 371 784; x_wconf 79' lang='lat' dir='ltr'>leges</span> <span class='ocrx_word' id='word_1_158' title='bbox 397 742 580 785; x_wconf 71' lang='lat' dir='ltr'>superiores,</span> <span class='ocrx_word' id='word_1_159' title='bbox 616 743 728 785; x_wconf 84' lang='lat' dir='ltr'>culpam</span> <span class='ocrx_word' id='word_1_160' title='bbox 760 742 797 774; x_wconf 86' lang='lat' dir='ltr'>ita</span> <span class='ocrx_word' id='word_1_161' title='bbox 828 746 999 773; x_wconf 75' lang='lat' dir='ltr'>contractam</span> <span class='ocrx_word' id='word_1_162' title='bbox 1030 745 1079 773; x_wconf 88' lang='lat' dir='ltr'>aut</span> <span class='ocrx_word' id='word_1_163' title='bbox 1108 745 1202 773; x_wconf 87' lang='lat' dir='ltr'>morte</span> <span class='ocrx_word' id='word_1_164' title='bbox 1231 741 1310 774; x_wconf 89' lang='lat' dir='ltr'>luant</span> <span class='ocrx_word' id='word_1_165' title='bbox 1336 742 1473 775; x_wconf 83' lang='lat' dir='ltr'>obeunda</span> <span class='ocrx_word' id='word_1_166' title='bbox 1497 747 1553 776; x_wconf 76' lang='lat' dir='ltr'>aut</span> <span class='ocrx_word' id='word_1_167' title='bbox 1583 743 1751 786; x_wconf 74' lang='lat' dir='ltr'>praestami-</span> 
     </span>
     <span class='ocr_line' id='line_1_17' title="bbox 218 789 1310 822; baseline -0.001 0"><span class='ocrx_word' id='word_1_168' title='bbox 218 789 390 822; x_wconf 75' lang='lat' dir='ltr'>obedientia.</span> <span class='ocrx_word' id='word_1_169' title='bbox 1307 791 1310 794; x_wconf 57' lang='lat'><em>⁴</em></span> 
     </span>
    </p>

    <p class='ocr_par' dir='ltr' id='par_1_5' title="bbox 213 842 1754 1631">
     <span class='ocr_line' id='line_1_18' title="bbox 311 842 1751 886; baseline 0.001 -12"><span class='ocrx_word' id='word_1_170' title='bbox 311 844 353 874; x_wconf 81' lang='lat' dir='ltr'>lta</span> <span class='ocrx_word' id='word_1_171' title='bbox 378 853 445 874; x_wconf 91' lang='lat' dir='ltr'>cum</span> <span class='ocrx_word' id='word_1_172' title='bbox 469 843 551 886; x_wconf 83' lang='lat' dir='ltr'>epico</span> <span class='ocrx_word' id='word_1_173' title='bbox 574 843 673 885; x_wconf 84' lang='lat' dir='ltr'>generi</span> <span class='ocrx_word' id='word_1_174' title='bbox 696 842 851 875; x_wconf 81' lang='lat' dir='ltr'>admodum</span> <span class='ocrx_word' id='word_1_175' title='bbox 874 847 993 884; x_wconf 86' lang='lat' dir='ltr'>cognata</span> <span class='ocrx_word' id='word_1_176' title='bbox 1017 842 1053 874; x_wconf 91' lang='lat' dir='ltr'>sit</span> <span class='ocrx_word' id='word_1_177' title='bbox 1076 842 1172 885; x_wconf 83' lang='lat' dir='ltr'>poesis</span> <span class='ocrx_word' id='word_1_178' title='bbox 1196 843 1303 884; x_wconf 85' lang='lat' dir='ltr'>tragica</span> <span class='ocrx_word' id='word_1_179' title='bbox 1327 844 1452 885; x_wconf 82' lang='lat' dir='ltr'>Graeca,</span> <span class='ocrx_word' id='word_1_180' title='bbox 1476 855 1534 876; x_wconf 90' lang='lat' dir='ltr'>non</span> <span class='ocrx_word' id='word_1_181' title='bbox 1557 844 1651 876; x_wconf 87' lang='lat' dir='ltr'>minus</span> <span class='ocrx_word' id='word_1_182' title='bbox 1674 848 1751 876; x_wconf 87' lang='lat' dir='ltr'>arcta</span> 
     </span>
     <span class='ocr_line' id='line_1_19' title="bbox 217 888 1751 934; baseline 0.001 -12"><span class='ocrx_word' id='word_1_183' title='bbox 217 895 262 922; x_wconf 80' lang='lat' dir='ltr'>est</span> <span class='ocrx_word' id='word_1_184' title='bbox 284 900 352 921; x_wconf 77' lang='lat' dir='ltr'>cum</span> <span class='ocrx_word' id='word_1_185' title='bbox 375 889 461 932; x_wconf 68' lang='lat' dir='ltr'>lyrico</span> <span class='ocrx_word' id='word_1_186' title='bbox 485 889 657 932; x_wconf 78' lang='lat' dir='ltr'>conjunctio.</span> <span class='ocrx_word' id='word_1_187' title='bbox 706 890 779 921; x_wconf 88' lang='lat' dir='ltr'>Nam</span> <span class='ocrx_word' id='word_1_188' title='bbox 808 893 921 931; x_wconf 87' lang='lat' dir='ltr'>praeter</span> <span class='ocrx_word' id='word_1_189' title='bbox 949 888 1114 921; x_wconf 87' lang='lat' dir='ltr'>universum</span> <span class='ocrx_word' id='word_1_190' title='bbox 1143 888 1227 930; x_wconf 86' lang='lat' dir='ltr'>illud,</span> <span class='ocrx_word' id='word_1_191' title='bbox 1259 889 1338 932; x_wconf 87' lang='lat' dir='ltr'>quod</span> <span class='ocrx_word' id='word_1_192' title='bbox 1369 900 1454 933; x_wconf 88' lang='lat' dir='ltr'>supra</span> <span class='ocrx_word' id='word_1_193' title='bbox 1483 890 1642 933; x_wconf 81' lang='lat' dir='ltr'>tetigimus,</span> <span class='ocrx_word' id='word_1_194' title='bbox 1672 889 1751 934; x_wconf 88' lang='lat' dir='ltr'>quod</span> 
     </span>
     <span class='ocr_line' id='line_1_20' title="bbox 216 935 1750 980; baseline 0 -12"><span class='ocrx_word' id='word_1_195' title='bbox 216 936 284 980; x_wconf 85' lang='lat' dir='ltr'>ipsis</span> <span class='ocrx_word' id='word_1_196' title='bbox 308 936 439 979; x_wconf 86' lang='lat' dir='ltr'>personis</span> <span class='ocrx_word' id='word_1_197' title='bbox 462 946 549 967; x_wconf 80' lang='lat' dir='ltr'>sensa-</span> <span class='ocrx_word' id='word_1_198' title='bbox 571 947 621 968; x_wconf 84' lang='lat' dir='ltr'>sua</span> <span class='ocrx_word' id='word_1_199' title='bbox 645 935 879 979; x_wconf 85' lang='lat' dir='ltr'>proloquentibus</span> <span class='ocrx_word' id='word_1_200' title='bbox 903 935 939 967; x_wconf 88' lang='lat' dir='ltr'>de</span> <span class='ocrx_word' id='word_1_201' title='bbox 963 935 1130 975; x_wconf 81' lang='lat' dir='ltr'>rationibus,</span> <span class='ocrx_word' id='word_1_202' title='bbox 1155 935 1259 978; x_wconf 88' lang='lat' dir='ltr'>quibus</span> <span class='ocrx_word' id='word_1_203' title='bbox 1283 936 1361 968; x_wconf 88' lang='lat' dir='ltr'>ducti</span> <span class='ocrx_word' id='word_1_204' title='bbox 1383 941 1478 978; x_wconf 82' lang='lat' dir='ltr'>agant,</span> <span class='ocrx_word' id='word_1_205' title='bbox 1502 937 1588 975; x_wconf 82' lang='lat' dir='ltr'>fimus</span> <span class='ocrx_word' id='word_1_206' title='bbox 1603 937 1750 979; x_wconf 83' lang='lat' dir='ltr'>certiores,</span> 
     </span>
     <span class='ocr_line' id='line_1_21' title="bbox 218 981 1750 1024; baseline 0 -10"><span class='ocrx_word' id='word_1_207' title='bbox 218 993 336 1015; x_wconf 83' lang='lat' dir='ltr'>omnem</span> <span class='ocrx_word' id='word_1_208' title='bbox 366 983 409 1014; x_wconf 90' lang='lat' dir='ltr'>rei</span> <span class='ocrx_word' id='word_1_209' title='bbox 439 982 564 1023; x_wconf 79' lang='lat' dir='ltr'>tragicae</span> <span class='ocrx_word' id='word_1_210' title='bbox 594 982 732 1023; x_wconf 79' lang='lat' dir='ltr'>originem</span> <span class='ocrx_word' id='word_1_211' title='bbox 762 982 797 1013; x_wconf 91' lang='lat' dir='ltr'>ad</span> <span class='ocrx_word' id='word_1_212' title='bbox 825 982 927 1013; x_wconf 84' lang='lat' dir='ltr'>choros</span> <span class='ocrx_word' id='word_1_213' title='bbox 957 982 1058 1024; x_wconf 69' lang='lat' dir='ltr'>lyricos</span> <span class='ocrx_word' id='word_1_214' title='bbox 1081 981 1263 1013; x_wconf 78' lang='lat' dir='ltr'>referendam</span> <span class='ocrx_word' id='word_1_215' title='bbox 1287 992 1352 1013; x_wconf 85' lang='lat' dir='ltr'>esse</span> <span class='ocrx_word' id='word_1_216' title='bbox 1376 983 1444 1014; x_wconf 87' lang='lat' dir='ltr'>satis</span> <span class='ocrx_word' id='word_1_217' title='bbox 1467 987 1567 1014; x_wconf 88' lang='lat' dir='ltr'>notum</span> <span class='ocrx_word' id='word_1_218' title='bbox 1591 987 1645 1014; x_wconf 77' lang='lat' dir='ltr'>est.</span> <span class='ocrx_word' id='word_1_219' title='bbox 1691 984 1750 1015; x_wconf 82' lang='lat' dir='ltr'>Res</span> 
     </span>
     <span class='ocr_line' id='line_1_22' title="bbox 217 1027 1751 1073; baseline 0.001 -13"><span class='ocrx_word' id='word_1_220' title='bbox 217 1033 316 1061; x_wconf 85' lang='lat' dir='ltr'>autem</span> <span class='ocrx_word' id='word_1_221' title='bbox 345 1028 406 1071; x_wconf 87' lang='lat' dir='ltr'>ipsa</span> <span class='ocrx_word' id='word_1_222' title='bbox 437 1027 561 1069; x_wconf 83' lang='lat' dir='ltr'>serebat,</span> <span class='ocrx_word' id='word_1_223' title='bbox 598 1032 647 1070; x_wconf 84' lang='lat' dir='ltr'>ut,</span> <span class='ocrx_word' id='word_1_224' title='bbox 682 1038 748 1060; x_wconf 83' lang='lat' dir='ltr'>cum</span> <span class='ocrx_word' id='word_1_225' title='bbox 778 1028 814 1060; x_wconf 89' lang='lat' dir='ltr'>ad</span> <span class='ocrx_word' id='word_1_226' title='bbox 838 1028 923 1060; x_wconf 87' lang='lat' dir='ltr'>hosce</span> <span class='ocrx_word' id='word_1_227' title='bbox 948 1028 1099 1060; x_wconf 81' lang='lat' dir='ltr'>accederet</span> <span class='ocrx_word' id='word_1_228' title='bbox 1122 1028 1211 1070; x_wconf 86' lang='lat' dir='ltr'>actio,</span> <span class='ocrx_word' id='word_1_229' title='bbox 1247 1028 1276 1060; x_wconf 86' lang='lat' dir='ltr'>hi</span> <span class='ocrx_word' id='word_1_230' title='bbox 1298 1028 1423 1072; x_wconf 78' lang='lat' dir='ltr'>primum</span> <span class='ocrx_word' id='word_1_231' title='bbox 1446 1028 1563 1073; x_wconf 88' lang='lat' dir='ltr'>quidem</span> <span class='ocrx_word' id='word_1_232' title='bbox 1584 1032 1751 1073; x_wconf 71' lang='lat' dir='ltr'>poematum</span> 
     </span>
     <span class='ocr_line' id='line_1_23' title="bbox 217 1074 1751 1119; baseline 0 -12"><span class='ocrx_word' id='word_1_233' title='bbox 217 1079 330 1119; x_wconf 86' lang='lat' dir='ltr'>partem</span> <span class='ocrx_word' id='word_1_234' title='bbox 359 1075 509 1107; x_wconf 84' lang='lat' dir='ltr'>efficerent</span> <span class='ocrx_word' id='word_1_235' title='bbox 532 1085 627 1118; x_wconf 86' lang='lat' dir='ltr'>neque</span> <span class='ocrx_word' id='word_1_236' title='bbox 651 1075 795 1107; x_wconf 81' lang='lat' dir='ltr'>minimam</span> <span class='ocrx_word' id='word_1_237' title='bbox 818 1086 913 1118; x_wconf 88' lang='lat' dir='ltr'>neque</span> <span class='ocrx_word' id='word_1_238' title='bbox 936 1075 1119 1117; x_wconf 80' lang='lat' dir='ltr'>levissimam,</span> <span class='ocrx_word' id='word_1_239' title='bbox 1147 1074 1257 1107; x_wconf 74' lang='lat' dir='ltr'>sensim</span> <span class='ocrx_word' id='word_1_240' title='bbox 1281 1080 1393 1117; x_wconf 87' lang='lat' dir='ltr'>autem,</span> <span class='ocrx_word' id='word_1_241' title='bbox 1424 1086 1490 1107; x_wconf 88' lang='lat' dir='ltr'>cum</span> <span class='ocrx_word' id='word_1_242' title='bbox 1512 1076 1558 1107; x_wconf 83' lang='lat' dir='ltr'>illa</span> <span class='ocrx_word' id='word_1_243' title='bbox 1581 1076 1671 1118; x_wconf 85' lang='lat' dir='ltr'>magis</span> <span class='ocrx_word' id='word_1_244' title='bbox 1695 1087 1751 1108; x_wconf 81' lang='lat' dir='ltr'>ex-</span> 
     </span>
     <span class='ocr_line' id='line_1_24' title="bbox 217 1121 1750 1164; baseline 0 -11"><span class='ocrx_word' id='word_1_245' title='bbox 217 1123 362 1154; x_wconf 83' lang='lat' dir='ltr'>coleretur</span> <span class='ocrx_word' id='word_1_246' title='bbox 385 1121 422 1152; x_wconf 88' lang='lat' dir='ltr'>ad</span> <span class='ocrx_word' id='word_1_247' title='bbox 446 1122 513 1153; x_wconf 87' lang='lat' dir='ltr'>artis</span> <span class='ocrx_word' id='word_1_248' title='bbox 537 1122 627 1163; x_wconf 88' lang='lat' dir='ltr'>leges,</span> <span class='ocrx_word' id='word_1_249' title='bbox 652 1122 813 1163; x_wconf 85' lang='lat' dir='ltr'>gravissima</span> <span class='ocrx_word' id='word_1_250' title='bbox 836 1126 962 1153; x_wconf 87' lang='lat' dir='ltr'>totorum</span> <span class='ocrx_word' id='word_1_251' title='bbox 987 1132 1108 1163; x_wconf 87' lang='lat' dir='ltr'>operum</span> <span class='ocrx_word' id='word_1_252' title='bbox 1126 1132 1192 1164; x_wconf 87' lang='lat' dir='ltr'>pars</span> <span class='ocrx_word' id='word_1_253' title='bbox 1208 1132 1274 1153; x_wconf 84' lang='lat' dir='ltr'>esse</span> <span class='ocrx_word' id='word_1_254' title='bbox 1293 1121 1466 1153; x_wconf 88' lang='lat' dir='ltr'>desinerent.</span> <span class='ocrx_word' id='word_1_255' title='bbox 1503 1123 1626 1164; x_wconf 91' lang='lat' dir='ltr'>Semper</span> <span class='ocrx_word' id='word_1_256' title='bbox 1643 1126 1750 1163; x_wconf 85' lang='lat' dir='ltr'>autem,</span> 
     </span>
     <span class='ocr_line' id='line_1_25' title="bbox 216 1167 1750 1211; baseline -0.001 -11"><span class='ocrx_word' id='word_1_257' title='bbox 216 1168 287 1200; x_wconf 92' lang='lat' dir='ltr'>dum</span> <span class='ocrx_word' id='word_1_258' title='bbox 311 1167 432 1199; x_wconf 87' lang='lat' dir='ltr'>llorebat</span> <span class='ocrx_word' id='word_1_259' title='bbox 456 1178 502 1198; x_wconf 85' lang='lat' dir='ltr'>ars</span> <span class='ocrx_word' id='word_1_260' title='bbox 527 1167 647 1209; x_wconf 83' lang='lat' dir='ltr'>tragica,</span> <span class='ocrx_word' id='word_1_261' title='bbox 672 1167 749 1199; x_wconf 89' lang='lat' dir='ltr'>chori</span> <span class='ocrx_word' id='word_1_262' title='bbox 774 1167 896 1199; x_wconf 86' lang='lat' dir='ltr'>carmina</span> <span class='ocrx_word' id='word_1_263' title='bbox 919 1167 1084 1209; x_wconf 80' lang='lat' dir='ltr'>tragoediae</span> <span class='ocrx_word' id='word_1_264' title='bbox 1107 1167 1262 1200; x_wconf 87' lang='lat' dir='ltr'>manebant</span> <span class='ocrx_word' id='word_1_265' title='bbox 1284 1178 1350 1211; x_wconf 84' lang='lat' dir='ltr'>pars</span> <span class='ocrx_word' id='word_1_266' title='bbox 1374 1168 1441 1200; x_wconf 88' lang='lat' dir='ltr'>satis</span> <span class='ocrx_word' id='word_1_267' title='bbox 1466 1178 1567 1211; x_wconf 85' lang='lat' dir='ltr'>magna</span> <span class='ocrx_word' id='word_1_268' title='bbox 1590 1167 1750 1211; x_wconf 84' lang='lat' dir='ltr'>gravisque,</span> 
     </span>
     <span class='ocr_line' id='line_1_26' title="bbox 216 1213 1753 1257; baseline 0.001 -12"><span class='ocrx_word' id='word_1_269' title='bbox 216 1225 250 1246; x_wconf 85' lang='lat' dir='ltr'>ac</span> <span class='ocrx_word' id='word_1_270' title='bbox 280 1214 370 1246; x_wconf 91' lang='lat' dir='ltr'>sensis</span> <span class='ocrx_word' id='word_1_271' title='bbox 399 1214 604 1256; x_wconf 74' lang='lat' dir='ltr'>sententiisque</span> <span class='ocrx_word' id='word_1_272' title='bbox 628 1214 719 1256; x_wconf 66' lang='lat' dir='ltr'>lyricis</span> <span class='ocrx_word' id='word_1_273' title='bbox 733 1214 932 1257; x_wconf 83' lang='lat' dir='ltr'>pulcherrime</span> <span class='ocrx_word' id='word_1_274' title='bbox 957 1214 1036 1246; x_wconf 88' lang='lat' dir='ltr'>elatis</span> <span class='ocrx_word' id='word_1_275' title='bbox 1061 1225 1125 1246; x_wconf 83' lang='lat' dir='ltr'>eam</span> <span class='ocrx_word' id='word_1_276' title='bbox 1150 1213 1335 1246; x_wconf 81' lang='lat' dir='ltr'>exornabant.</span> <span class='ocrx_word' id='word_1_277' title='bbox 1384 1215 1481 1253; x_wconf 88' lang='lat' dir='ltr'>Quem</span> <span class='ocrx_word' id='word_1_278' title='bbox 1504 1214 1581 1246; x_wconf 90' lang='lat' dir='ltr'>enim</span> <span class='ocrx_word' id='word_1_279' title='bbox 1603 1214 1753 1246; x_wconf 77' lang='lat' dir='ltr'>induxerat</span> 
     </span>
     <span class='ocr_line' id='line_1_27' title="bbox 217 1260 1752 1303; baseline 0 -11"><span class='ocrx_word' id='word_1_280' title='bbox 217 1262 298 1302; x_wconf 79' lang='lat' dir='ltr'>origo</span> <span class='ocrx_word' id='word_1_281' title='bbox 329 1260 494 1302; x_wconf 78' lang='lat' dir='ltr'>tragoediae</span> <span class='ocrx_word' id='word_1_282' title='bbox 512 1269 638 1298; x_wconf 54' lang='lat' dir='ltr'>‚morem</span> <span class='ocrx_word' id='word_1_283' title='bbox 667 1260 764 1292; x_wconf 83' lang='lat' dir='ltr'>talium</span> <span class='ocrx_word' id='word_1_284' title='bbox 796 1261 950 1292; x_wconf 90' lang='lat' dir='ltr'>carminum</span> <span class='ocrx_word' id='word_1_285' title='bbox 973 1261 1262 1303; x_wconf 86' lang='lat' dir='ltr'>interponendorum,</span> <span class='ocrx_word' id='word_1_286' title='bbox 1294 1272 1361 1292; x_wconf 89' lang='lat' dir='ltr'>eum</span> <span class='ocrx_word' id='word_1_287' title='bbox 1384 1261 1504 1292; x_wconf 87' lang='lat' dir='ltr'>servavit</span> <span class='ocrx_word' id='word_1_288' title='bbox 1528 1261 1656 1292; x_wconf 80' lang='lat' dir='ltr'>Graecae</span> <span class='ocrx_word' id='word_1_289' title='bbox 1679 1260 1752 1292; x_wconf 84' lang='lat' dir='ltr'>vitae</span> 
     </span>
     <span class='ocr_line' id='line_1_28' title="bbox 216 1306 1751 1349; baseline 0 -11"><span class='ocrx_word' id='word_1_290' title='bbox 216 1307 298 1339; x_wconf 88' lang='lat' dir='ltr'>ratio.</span> <span class='ocrx_word' id='word_1_291' title='bbox 356 1307 516 1348; x_wconf 84' lang='lat' dir='ltr'>Quaequae</span> <span class='ocrx_word' id='word_1_292' title='bbox 546 1306 653 1337; x_wconf 84' lang='lat' dir='ltr'>fiebant</span> <span class='ocrx_word' id='word_1_293' title='bbox 684 1311 713 1338; x_wconf 83' lang='lat' dir='ltr'>et</span> <span class='ocrx_word' id='word_1_294' title='bbox 742 1306 913 1349; x_wconf 78' lang='lat' dir='ltr'>agebantur,</span> <span class='ocrx_word' id='word_1_295' title='bbox 951 1306 1062 1349; x_wconf 80' lang='lat' dir='ltr'>publice</span> <span class='ocrx_word' id='word_1_296' title='bbox 1094 1307 1188 1338; x_wconf 87' lang='lat' dir='ltr'>omnia</span> <span class='ocrx_word' id='word_1_297' title='bbox 1224 1306 1416 1349; x_wconf 82' lang='lat' dir='ltr'>gerebantur3</span> <span class='ocrx_word' id='word_1_298' title='bbox 1451 1306 1519 1338; x_wconf 90' lang='lat' dir='ltr'>nihil</span> <span class='ocrx_word' id='word_1_299' title='bbox 1554 1306 1645 1349; x_wconf 87' lang='lat' dir='ltr'>majus</span> <span class='ocrx_word' id='word_1_300' title='bbox 1680 1311 1751 1348; x_wconf 84' lang='lat' dir='ltr'>erat,</span> 
     </span>
     <span class='ocr_line' id='line_1_29' title="bbox 217 1352 1753 1396; baseline 0 -11"><span class='ocrx_word' id='word_1_301' title='bbox 217 1353 340 1385; x_wconf 78' lang='lat' dir='ltr'>maxime</span> <span class='ocrx_word' id='word_1_302' title='bbox 364 1353 417 1384; x_wconf 89' lang='lat' dir='ltr'>illis</span> <span class='ocrx_word' id='word_1_303' title='bbox 440 1352 568 1384; x_wconf 87' lang='lat' dir='ltr'>florentis</span> <span class='ocrx_word' id='word_1_304' title='bbox 593 1353 757 1394; x_wconf 87' lang='lat' dir='ltr'>tragoediae</span> <span class='ocrx_word' id='word_1_305' title='bbox 781 1353 967 1396; x_wconf 81' lang='lat' dir='ltr'>temporibus,</span> <span class='ocrx_word' id='word_1_306' title='bbox 992 1353 1060 1395; x_wconf 86' lang='lat' dir='ltr'>quin</span> <span class='ocrx_word' id='word_1_307' title='bbox 1080 1353 1205 1385; x_wconf 84' lang='lat' dir='ltr'>universi</span> <span class='ocrx_word' id='word_1_308' title='bbox 1230 1353 1326 1396; x_wconf 90' lang='lat' dir='ltr'>populi</span> <span class='ocrx_word' id='word_1_309' title='bbox 1346 1353 1456 1385; x_wconf 85' lang='lat' dir='ltr'>animos</span> <span class='ocrx_word' id='word_1_310' title='bbox 1475 1353 1504 1385; x_wconf 95' lang='lat' dir='ltr'>in</span> <span class='ocrx_word' id='word_1_311' title='bbox 1525 1364 1556 1385; x_wconf 91' lang='lat' dir='ltr'>se</span> <span class='ocrx_word' id='word_1_312' title='bbox 1572 1357 1753 1385; x_wconf 87' lang='lat' dir='ltr'>converteret</span> 
     </span>
     <span class='ocr_line' id='line_1_30' title="bbox 213 1398 1752 1443; baseline 0 -12"><span class='ocrx_word' id='word_1_313' title='bbox 213 1399 377 1442; x_wconf 83' lang='lat' dir='ltr'>judiciaque</span> <span class='ocrx_word' id='word_1_314' title='bbox 401 1404 579 1441; x_wconf 86' lang='lat' dir='ltr'>provocaret.</span> <span class='ocrx_word' id='word_1_315' title='bbox 628 1399 670 1430; x_wconf 92' lang='lat' dir='ltr'>lta</span> <span class='ocrx_word' id='word_1_316' title='bbox 694 1409 759 1431; x_wconf 89' lang='lat' dir='ltr'>cum</span> <span class='ocrx_word' id='word_1_317' title='bbox 782 1399 854 1431; x_wconf 87' lang='lat' dir='ltr'>vitae</span> <span class='ocrx_word' id='word_1_318' title='bbox 878 1400 1021 1442; x_wconf 85' lang='lat' dir='ltr'>popularis</span> <span class='ocrx_word' id='word_1_319' title='bbox 1045 1400 1198 1442; x_wconf 88' lang='lat' dir='ltr'>imaginem</span> <span class='ocrx_word' id='word_1_320' title='bbox 1216 1399 1359 1443; x_wconf 88' lang='lat' dir='ltr'>quandam</span> <span class='ocrx_word' id='word_1_321' title='bbox 1380 1399 1516 1431; x_wconf 85' lang='lat' dir='ltr'>exhibere</span> <span class='ocrx_word' id='word_1_322' title='bbox 1533 1398 1639 1431; x_wconf 84' lang='lat' dir='ltr'>debeat</span> <span class='ocrx_word' id='word_1_323' title='bbox 1656 1399 1752 1442; x_wconf 89' lang='lat' dir='ltr'>poesis</span> 
     </span>
     <span class='ocr_line' id='line_1_31' title="bbox 216 1445 1753 1490; baseline -0.001 -12"><span class='ocrx_word' id='word_1_324' title='bbox 216 1456 284 1478; x_wconf 87' lang='lat' dir='ltr'>vere</span> <span class='ocrx_word' id='word_1_325' title='bbox 308 1445 463 1489; x_wconf 86' lang='lat' dir='ltr'>popularis,</span> <span class='ocrx_word' id='word_1_326' title='bbox 488 1456 546 1477; x_wconf 87' lang='lat' dir='ltr'>non</span> <span class='ocrx_word' id='word_1_327' title='bbox 570 1445 662 1487; x_wconf 90' lang='lat' dir='ltr'>potuit</span> <span class='ocrx_word' id='word_1_328' title='bbox 685 1445 786 1487; x_wconf 84' lang='lat' dir='ltr'>omitti,</span> <span class='ocrx_word' id='word_1_329' title='bbox 811 1446 888 1488; x_wconf 89' lang='lat' dir='ltr'>quod</span> <span class='ocrx_word' id='word_1_330' title='bbox 911 1446 1054 1489; x_wconf 90' lang='lat' dir='ltr'>publicam</span> <span class='ocrx_word' id='word_1_331' title='bbox 1073 1446 1216 1490; x_wconf 87' lang='lat' dir='ltr'>quandam</span> <span class='ocrx_word' id='word_1_332' title='bbox 1234 1446 1352 1479; x_wconf 79' lang='lat' dir='ltr'>efferret</span> <span class='ocrx_word' id='word_1_333' title='bbox 1369 1446 1540 1478; x_wconf 86' lang='lat' dir='ltr'>sententiam</span> <span class='ocrx_word' id='word_1_334' title='bbox 1557 1446 1753 1489; x_wconf 85' lang='lat' dir='ltr'>populumque</span> 
     </span>
     <span class='ocr_line' id='line_1_32' title="bbox 216 1490 1753 1537; baseline -0.001 -12"><span class='ocrx_word' id='word_1_335' title='bbox 216 1492 432 1536; x_wconf 83' lang='lat' dir='ltr'>quodammodo</span> <span class='ocrx_word' id='word_1_336' title='bbox 468 1491 635 1524; x_wconf 88' lang='lat' dir='ltr'>ostenderet</span> <span class='ocrx_word' id='word_1_337' title='bbox 669 1492 712 1524; x_wconf 86' lang='lat' dir='ltr'>rei</span> <span class='ocrx_word' id='word_1_338' title='bbox 748 1497 845 1534; x_wconf 80' lang='lat' dir='ltr'>gestae</span> <span class='ocrx_word' id='word_1_339' title='bbox 881 1490 1037 1537; x_wconf 53' lang='lat' dir='ltr'>testemfl)</span> <span class='ocrx_word' id='word_1_340' title='bbox 1093 1493 1178 1525; x_wconf 88' lang='lat' dir='ltr'>Ratio</span> <span class='ocrx_word' id='word_1_341' title='bbox 1207 1497 1318 1535; x_wconf 84' lang='lat' dir='ltr'>autern,</span> <span class='ocrx_word' id='word_1_342' title='bbox 1354 1504 1411 1537; x_wconf 87' lang='lat' dir='ltr'>qua</span> <span class='ocrx_word' id='word_1_343' title='bbox 1435 1492 1537 1535; x_wconf 88' lang='lat' dir='ltr'>singuli</span> <span class='ocrx_word' id='word_1_344' title='bbox 1558 1496 1663 1536; x_wconf 87' lang='lat' dir='ltr'>poetae</span> <span class='ocrx_word' id='word_1_345' title='bbox 1687 1502 1753 1524; x_wconf 91' lang='lat' dir='ltr'>cum</span> 
     </span>
     <span class='ocr_line' id='line_1_33' title="bbox 216 1538 1753 1583; baseline 0 -12"><span class='ocrx_word' id='word_1_346' title='bbox 216 1540 328 1572; x_wconf 88' lang='lat' dir='ltr'>actione</span> <span class='ocrx_word' id='word_1_347' title='bbox 352 1539 477 1571; x_wconf 85' lang='lat' dir='ltr'>carmina</span> <span class='ocrx_word' id='word_1_348' title='bbox 501 1539 606 1571; x_wconf 86' lang='lat' dir='ltr'>haecce</span> <span class='ocrx_word' id='word_1_349' title='bbox 630 1538 715 1582; x_wconf 55' lang='lat' dir='ltr'>lyrica</span> <span class='ocrx_word' id='word_1_350' title='bbox 739 1539 954 1581; x_wconf 78' lang='lat' dir='ltr'>conjunxerunt,</span> <span class='ocrx_word' id='word_1_351' title='bbox 979 1539 1087 1572; x_wconf 87' lang='lat' dir='ltr'>disersa</span> <span class='ocrx_word' id='word_1_352' title='bbox 1111 1540 1184 1581; x_wconf 35' lang='lat' dir='ltr'>fuit3v</span> <span class='ocrx_word' id='word_1_353' title='bbox 1202 1539 1301 1583; x_wconf 88' lang='lat' dir='ltr'>primis</span> <span class='ocrx_word' id='word_1_354' title='bbox 1326 1540 1402 1572; x_wconf 87' lang='lat' dir='ltr'>enim</span> <span class='ocrx_word' id='word_1_355' title='bbox 1419 1539 1598 1583; x_wconf 75' lang='lat' dir='ltr'>temporibus</span> <span class='ocrx_word' id='word_1_356' title='bbox 1615 1549 1672 1571; x_wconf 92' lang='lat' dir='ltr'>non</span> <span class='ocrx_word' id='word_1_357' title='bbox 1687 1549 1753 1571; x_wconf 86' lang='lat' dir='ltr'>raro</span> 
     </span>
     <span class='ocr_line' id='line_1_34' title="bbox 215 1585 1754 1631; baseline 0 -13"><span class='ocrx_word' id='word_1_358' title='bbox 215 1586 304 1629; x_wconf 83' lang='lat' dir='ltr'>ipsius</span> <span class='ocrx_word' id='word_1_359' title='bbox 336 1586 415 1618; x_wconf 84' lang='lat' dir='ltr'>chori</span> <span class='ocrx_word' id='word_1_360' title='bbox 447 1585 569 1618; x_wconf 73' lang='lat' dir='ltr'>maxime</span> <span class='ocrx_word' id='word_1_361' title='bbox 599 1596 647 1617; x_wconf 85' lang='lat' dir='ltr'>res</span> <span class='ocrx_word' id='word_1_362' title='bbox 678 1585 829 1628; x_wconf 85' lang='lat' dir='ltr'>agebatur,</span> <span class='ocrx_word' id='word_1_363' title='bbox 863 1597 977 1630; x_wconf 86' lang='lat' dir='ltr'>semper</span> <span class='ocrx_word' id='word_1_364' title='bbox 1005 1597 1108 1630; x_wconf 87' lang='lat' dir='ltr'>magna</span> <span class='ocrx_word' id='word_1_365' title='bbox 1137 1591 1216 1619; x_wconf 89' lang='lat' dir='ltr'>certe</span> <span class='ocrx_word' id='word_1_366' title='bbox 1245 1587 1395 1631; x_wconf 89' lang='lat' dir='ltr'>gravisque</span> <span class='ocrx_word' id='word_1_367' title='bbox 1418 1586 1455 1619; x_wconf 88' lang='lat' dir='ltr'>ad</span> <span class='ocrx_word' id='word_1_368' title='bbox 1477 1597 1546 1619; x_wconf 89' lang='lat' dir='ltr'>eum</span> <span class='ocrx_word' id='word_1_369' title='bbox 1570 1585 1754 1618; x_wconf 75' lang='lat' dir='ltr'>deserebatur</span> 
     </span>
    </p>
   </div>
   <div class='ocr_carea' id='block_1_5' title="bbox 239 1661 464 1665">
    <p class='ocr_par' dir='ltr' id='par_1_6' title="bbox 239 1661 464 1665">
     <span class='ocr_line' id='line_1_35' title="bbox 239 1661 464 1665; baseline 0 0"><span class='ocrx_word' id='word_1_370' title='bbox 239 1661 464 1665; x_wconf 95' lang='lat' dir='ltr'> </span> 
     </span>
    </p>
   </div>
   <div class='ocr_carea' id='block_1_6' title="bbox 239 1693 1733 1736">
    <p class='ocr_par' dir='ltr' id='par_1_7' title="bbox 239 1693 1733 1736">
     <span class='ocr_line' id='line_1_36' title="bbox 239 1693 1733 1736; baseline -0.001 -14"><span class='ocrx_word' id='word_1_371' title='bbox 239 1697 266 1728; x_wconf 87' lang='lat'>¹)</span> <span class='ocrx_word' id='word_1_372' title='bbox 284 1698 322 1722; x_wconf 81' lang='lat' dir='ltr'>Cf.</span> <span class='ocrx_word' id='word_1_373' title='bbox 339 1697 444 1722; x_wconf 82' lang='lat' dir='ltr'>Nitzsch</span> <span class='ocrx_word' id='word_1_374' title='bbox 462 1697 493 1723; x_wconf 88' lang='lat' dir='ltr'>ad</span> <span class='ocrx_word' id='word_1_375' title='bbox 511 1697 558 1722; x_wconf 85' lang='lat' dir='ltr'>Od.</span> <span class='ocrx_word' id='word_1_376' title='bbox 576 1696 609 1729; x_wconf 73' lang='grc' dir='ltr'>θ,</span> <span class='ocrx_word' id='word_1_377' title='bbox 627 1700 684 1722; x_wconf 79' lang='grc'><strong>580.</strong></span> <span class='ocrx_word' id='word_1_378' title='bbox 702 1702 726 1722; x_wconf 87' lang='lat' dir='ltr'>et</span> <span class='ocrx_word' id='word_1_379' title='bbox 745 1708 770 1731; x_wconf 79' lang='grc' dir='ltr'>γ,</span> <span class='ocrx_word' id='word_1_380' title='bbox 791 1700 845 1723; x_wconf 80' lang='lat'>135.</span> <span class='ocrx_word' id='word_1_381' title='bbox 863 1706 970 1730; x_wconf 83' lang='lat' dir='ltr'>quosque</span> <span class='ocrx_word' id='word_1_382' title='bbox 988 1697 1069 1723; x_wconf 78' lang='lat' dir='ltr'>laudat</span> <span class='ocrx_word' id='word_1_383' title='bbox 1086 1698 1154 1723; x_wconf 75' lang='lat' dir='ltr'>locos</span> <span class='ocrx_word' id='word_1_384' title='bbox 1171 1698 1199 1722; x_wconf 90' lang='lat' dir='ltr'>Il.</span> <span class='ocrx_word' id='word_1_385' title='bbox 1216 1693 1241 1736; x_wconf 62' lang='grc' dir='ltr'>ξ,</span> <span class='ocrx_word' id='word_1_386' title='bbox 1259 1700 1315 1723; x_wconf 76' lang='grc'><strong>857.</strong></span> <span class='ocrx_word' id='word_1_387' title='bbox 1337 1697 1418 1729; x_wconf 85' lang='lat' dir='ltr'>hymn.</span> <span class='ocrx_word' id='word_1_388' title='bbox 1434 1698 1459 1722; x_wconf 80' lang='lat' dir='ltr'>ln</span> <span class='ocrx_word' id='word_1_389' title='bbox 1477 1698 1522 1730; x_wconf 80' lang='lat' dir='ltr'>Ap.</span> <span class='ocrx_word' id='word_1_390' title='bbox 1540 1695 1612 1728; x_wconf 74' lang='lat' dir='ltr'>Pyth.</span> <span class='ocrx_word' id='word_1_391' title='bbox 1632 1699 1665 1721; x_wconf 75' lang='lat'>1²</span> <span class='ocrx_word' id='word_1_392' title='bbox 1681 1705 1733 1729; x_wconf 69' lang='lat' dir='ltr'>sqq.</span> 
     </span>
    </p>
   </div>
   <div class='ocr_carea' id='block_1_7' title="bbox 238 1738 1751 2039">
    <p class='ocr_par' dir='ltr' id='par_1_8' title="bbox 238 1738 1751 2039">
     <span class='ocr_line' id='line_1_37' title="bbox 238 1738 1751 1803; baseline 0 -6"><span class='ocrx_word' id='word_1_393' title='bbox 238 1739 265 1769; x_wconf 73' lang='lat'>’³</span> <span class='ocrx_word' id='word_1_394' title='bbox 282 1739 413 1798; x_wconf 52' lang='lat'>3332:</span> <span class='ocrx_word' id='word_1_395' title='bbox 427 1739 496 1798; x_wconf 50' lang='lat'>¹¹33,</span> <span class='ocrx_word' id='word_1_396' title='bbox 506 1741 569 1797; x_wconf 56' lang='lat'>⁵:32</span> <span class='ocrx_word' id='word_1_397' title='bbox 581 1738 1564 1803; x_wconf 37' lang='lat' dir='ltr'>{metam-„2⁹53’ffiffiffltfflmttw&#39;&#39;55:532&#39;&#39;{13’025321‘32225</span> <span class='ocrx_word' id='word_1_398' title='bbox 1573 1739 1678 1797; x_wconf 55' lang='lat'>52:⁶²</span> <span class='ocrx_word' id='word_1_399' title='bbox 1688 1747 1751 1798; x_wconf 61' lang='lat'>3:2³</span> 
     </span>
     <span class='ocr_line' id='line_1_38' title="bbox 816 1783 1656 1798; baseline -0.001 0"><span class='ocrx_word' id='word_1_400' title='bbox 816 1783 822 1798; x_wconf 91' lang='grc' dir='ltr'>Ι</span> <span class='ocrx_word' id='word_1_401' title='bbox 1033 1785 1063 1790; x_wconf 78' lang='lat'>&#39;-</span> <span class='ocrx_word' id='word_1_402' title='bbox 1650 1791 1656 1797; x_wconf 76' lang='grc' dir='ltr'>ι</span> 
     </span>
     <span class='ocr_line' id='line_1_39' title="bbox 280 1781 1750 1838; baseline -0.001 -7"><span class='ocrx_word' id='word_1_403' title='bbox 280 1807 346 1831; x_wconf 85' lang='lat' dir='ltr'>enim</span> <span class='ocrx_word' id='word_1_404' title='bbox 364 1807 403 1830; x_wconf 88' lang='lat' dir='ltr'>alii</span> <span class='ocrx_word' id='word_1_405' title='bbox 421 1782 573 1837; x_wconf 61' lang='lat' dir='ltr'>Francldgalli</span> <span class='ocrx_word' id='word_1_406' title='bbox 591 1781 707 1836; x_wconf 52' lang='lat' dir='ltr'>maxime?</span> <span class='ocrx_word' id='word_1_407' title='bbox 722 1810 748 1830; x_wconf 83' lang='lat' dir='ltr'>ut</span> <span class='ocrx_word' id='word_1_408' title='bbox 762 1807 894 1837; x_wconf 81' lang='lat' dir='ltr'>Voltariua,</span> <span class='ocrx_word' id='word_1_409' title='bbox 911 1807 957 1832; x_wconf 83' lang='lat' dir='ltr'>hoc</span> <span class='ocrx_word' id='word_1_410' title='bbox 974 1808 1025 1831; x_wconf 83' lang='lat' dir='ltr'>fere</span> <span class='ocrx_word' id='word_1_411' title='bbox 1042 1814 1116 1831; x_wconf 87' lang='lat' dir='ltr'>unum</span> <span class='ocrx_word' id='word_1_412' title='bbox 1134 1781 1269 1838; x_wconf 52' lang='lat' dir='ltr'>impediis-s}</span> <span class='ocrx_word' id='word_1_413' title='bbox 1287 1810 1422 1837; x_wconf 74' lang='lat' dir='ltr'>censerent,</span> <span class='ocrx_word' id='word_1_414' title='bbox 1439 1807 1566 1837; x_wconf 74' lang='lat' dir='ltr'>quominus</span> <span class='ocrx_word' id='word_1_415' title='bbox 1584 1805 1616 1830; x_wconf 81' lang='lat' dir='ltr'>ad</span> <span class='ocrx_word' id='word_1_416' title='bbox 1632 1814 1750 1831; x_wconf 75' lang='lat' dir='ltr'>summum</span> 
     </span>
     <span class='ocr_line' id='line_1_40' title="bbox 282 1839 1750 1872; baseline 0 -8"><span class='ocrx_word' id='word_1_417' title='bbox 282 1841 342 1864; x_wconf 81' lang='lat' dir='ltr'>artis</span> <span class='ocrx_word' id='word_1_418' title='bbox 360 1840 485 1870; x_wconf 71' lang='lat' dir='ltr'>fastigium</span> <span class='ocrx_word' id='word_1_419' title='bbox 504 1839 630 1864; x_wconf 79' lang='lat' dir='ltr'>accederet</span> <span class='ocrx_word' id='word_1_420' title='bbox 648 1840 742 1864; x_wconf 83' lang='lat' dir='ltr'>Graeca</span> <span class='ocrx_word' id='word_1_421' title='bbox 761 1841 895 1871; x_wconf 76' lang='lat' dir='ltr'>tragoedia,</span> <span class='ocrx_word' id='word_1_422' title='bbox 913 1840 977 1872; x_wconf 83' lang='lat' dir='ltr'>quod</span> <span class='ocrx_word' id='word_1_423' title='bbox 996 1840 1068 1864; x_wconf 78' lang='lat' dir='ltr'>affuit</span> <span class='ocrx_word' id='word_1_424' title='bbox 1085 1839 1182 1870; x_wconf 75' lang='lat' dir='ltr'>chorus,</span> <span class='ocrx_word' id='word_1_425' title='bbox 1200 1847 1363 1871; x_wconf 75' lang='lat' dir='ltr'>magnumque</span> <span class='ocrx_word' id='word_1_426' title='bbox 1379 1840 1424 1864; x_wconf 77' lang='lat' dir='ltr'>sibi</span> <span class='ocrx_word' id='word_1_427' title='bbox 1446 1839 1584 1864; x_wconf 84' lang='lat' dir='ltr'>viderentur</span> <span class='ocrx_word' id='word_1_428' title='bbox 1594 1846 1750 1870; x_wconf 74' lang='lat' dir='ltr'>progressum</span> 
     </span>
     <span class='ocr_line' id='line_1_41' title="bbox 280 1871 1749 1905; baseline 0 -8"><span class='ocrx_word' id='word_1_429' title='bbox 280 1874 383 1903; x_wconf 74' lang='lat' dir='ltr'>fecisse,</span> <span class='ocrx_word' id='word_1_430' title='bbox 407 1881 460 1897; x_wconf 88' lang='lat' dir='ltr'>cum</span> <span class='ocrx_word' id='word_1_431' title='bbox 479 1873 588 1898; x_wconf 76' lang='lat' dir='ltr'>familiari</span> <span class='ocrx_word' id='word_1_432' title='bbox 606 1873 701 1897; x_wconf 80' lang='lat' dir='ltr'>cuidam</span> <span class='ocrx_word' id='word_1_433' title='bbox 720 1874 808 1897; x_wconf 78' lang='lat' dir='ltr'>similes</span> <span class='ocrx_word' id='word_1_434' title='bbox 826 1878 904 1905; x_wconf 72' lang='lat' dir='ltr'>parte·</span> <span class='ocrx_word' id='word_1_435' title='bbox 921 1874 1045 1898; x_wconf 73' lang='lat' dir='ltr'>traderent</span> <span class='ocrx_word' id='word_1_436' title='bbox 1062 1884 1095 1890; x_wconf 86' lang='lat'>--</span> <span class='ocrx_word' id='word_1_437' title='bbox 1113 1873 1167 1903; x_wconf 79' lang='lat' dir='ltr'>alii,</span> <span class='ocrx_word' id='word_1_438' title='bbox 1189 1877 1216 1898; x_wconf 73' lang='lat' dir='ltr'>nt</span> <span class='ocrx_word' id='word_1_439' title='bbox 1233 1874 1337 1898; x_wconf 78' lang='lat' dir='ltr'>maxime</span> <span class='ocrx_word' id='word_1_440' title='bbox 1352 1881 1367 1897; x_wconf 83' lang='lat' dir='ltr'>e</span> <span class='ocrx_word' id='word_1_441' title='bbox 1384 1873 1534 1898; x_wconf 68' lang='lat' dir='ltr'>nostratibus</span> <span class='ocrx_word' id='word_1_442' title='bbox 1552 1871 1682 1898; x_wconf 81' lang='lat' dir='ltr'>Schillerua</span> <span class='ocrx_word' id='word_1_443' title='bbox 1704 1872 1749 1903; x_wconf 78' lang='lat' dir='ltr'>(cf.</span> 
     </span>
     <span class='ocr_line' id='line_1_42' title="bbox 281 1906 1749 1938; baseline 0 -7"><span class='ocrx_word' id='word_1_444' title='bbox 281 1908 394 1936; x_wconf 74' lang='lat' dir='ltr'>nau&#39;m,</span> <span class='ocrx_word' id='word_1_445' title='bbox 410 1914 481 1938; x_wconf 83' lang='lat' dir='ltr'>quam</span> <span class='ocrx_word' id='word_1_446' title='bbox 500 1908 645 1938; x_wconf 68' lang='lat' dir='ltr'>conscripsit</span> <span class='ocrx_word' id='word_1_447' title='bbox 663 1906 694 1931; x_wconf 79' lang='lat' dir='ltr'>ad</span> <span class='ocrx_word' id='word_1_448' title='bbox 712 1914 764 1931; x_wconf 81' lang='lat' dir='ltr'>eam</span> <span class='ocrx_word' id='word_1_449' title='bbox 783 1907 897 1937; x_wconf 76' lang='lat' dir='ltr'>fabulam,</span> <span class='ocrx_word' id='word_1_450' title='bbox 915 1908 953 1932; x_wconf 85' lang='lat' dir='ltr'>cui</span> <span class='ocrx_word' id='word_1_451' title='bbox 971 1915 1058 1933; x_wconf 82' lang='lat' dir='ltr'>nomen</span> <span class='ocrx_word' id='word_1_452' title='bbox 1076 1906 1177 1931; x_wconf 81' lang='lat' dir='ltr'>inditum</span> <span class='ocrx_word' id='word_1_453' title='bbox 1195 1907 1248 1935; x_wconf 67' lang='lat' dir='ltr'>,dte</span> <span class='ocrx_word' id='word_1_454' title='bbox 1261 1907 1341 1931; x_wconf 75' lang='lat' dir='ltr'>Braut</span> <span class='ocrx_word' id='word_1_455' title='bbox 1356 1915 1402 1931; x_wconf 74' lang='lat' dir='ltr'>von</span> <span class='ocrx_word' id='word_1_456' title='bbox 1415 1906 1544 1934; x_wconf 50' lang='lat' dir='ltr'>Mani-a!</span> <span class='ocrx_word' id='word_1_457' title='bbox 1561 1906 1749 1937; x_wconf 65' lang='lat' dir='ltr'>praefationem)</span> 
     </span>
     <span class='ocr_line' id='line_1_43' title="bbox 281 1939 1750 1972; baseline -0.001 -7"><span class='ocrx_word' id='word_1_458' title='bbox 281 1944 306 1965; x_wconf 73' lang='lat' dir='ltr'>et</span> <span class='ocrx_word' id='word_1_459' title='bbox 324 1941 457 1965; x_wconf 78' lang='lat' dir='ltr'>Sfiverniua</span> <span class='ocrx_word' id='word_1_460' title='bbox 476 1939 546 1971; x_wconf 73' lang='lat' dir='ltr'>(tiber</span> <span class='ocrx_word' id='word_1_461' title='bbox 564 1940 689 1964; x_wconf 74' lang='lat' dir='ltr'>&amp;hiller-&#39;a</span> <span class='ocrx_word' id='word_1_462' title='bbox 710 1940 881 1971; x_wconf 69' lang='lat' dir='ltr'>u&#39;anemtefn)</span> <span class='ocrx_word' id='word_1_463' title='bbox 903 1940 949 1965; x_wconf 86' lang='lat' dir='ltr'>hoe</span> <span class='ocrx_word' id='word_1_464' title='bbox 972 1939 1080 1965; x_wconf 87' lang='lat' dir='ltr'>adhibito</span> <span class='ocrx_word' id='word_1_465' title='bbox 1103 1939 1198 1965; x_wconf 83' lang='lat' dir='ltr'>demum</span> <span class='ocrx_word' id='word_1_466' title='bbox 1220 1940 1390 1971; x_wconf 80' lang='lat' dir='ltr'>perfectiorem</span> <span class='ocrx_word' id='word_1_467' title='bbox 1412 1939 1480 1964; x_wconf 83' lang='lat' dir='ltr'>reddi</span> <span class='ocrx_word' id='word_1_468' title='bbox 1504 1939 1654 1971; x_wconf 70' lang='lat' dir='ltr'>tragoediam</span> <span class='ocrx_word' id='word_1_469' title='bbox 1676 1946 1750 1972; x_wconf 76' lang='lat' dir='ltr'>pone</span> 
     </span>
     <span class='ocr_line' id='line_1_44' title="bbox 282 1971 1749 2005; baseline 0 -7"><span class='ocrx_word' id='word_1_470' title='bbox 282 1974 489 1998; x_wconf 73' lang='lat' dir='ltr'>existimaverunt.</span> <span class='ocrx_word' id='word_1_471' title='bbox 524 1974 641 2005; x_wconf 63' lang='lat' dir='ltr'>superma</span> <span class='ocrx_word' id='word_1_472' title='bbox 659 1973 717 1997; x_wconf 85' lang='lat' dir='ltr'>iliud</span> <span class='ocrx_word' id='word_1_473' title='bbox 731 1973 848 2005; x_wconf 75' lang='lat' dir='ltr'>judiciam</span> <span class='ocrx_word' id='word_1_474' title='bbox 865 1978 948 2005; x_wconf 77' lang='lat' dir='ltr'>aperte</span> <span class='ocrx_word' id='word_1_475' title='bbox 965 1973 997 1998; x_wconf 78' lang='lat' dir='ltr'>ad</span> <span class='ocrx_word' id='word_1_476' title='bbox 1013 1974 1175 2004; x_wconf 73' lang='lat' dir='ltr'>ignorantiam</span> <span class='ocrx_word' id='word_1_477' title='bbox 1192 1972 1313 2005; x_wconf 77' lang='lat' dir='ltr'>quandam</span> <span class='ocrx_word' id='word_1_478' title='bbox 1323 1974 1435 1998; x_wconf 67' lang='lat' dir='ltr'>Graeca·</span> <span class='ocrx_word' id='word_1_479' title='bbox 1451 1973 1515 1997; x_wconf 81' lang='lat' dir='ltr'>vitae</span> <span class='ocrx_word' id='word_1_480' title='bbox 1528 1973 1689 2002; x_wconf 66' lang='lat' dir='ltr'>referendum,</span> <span class='ocrx_word' id='word_1_481' title='bbox 1706 1971 1749 1997; x_wconf 71' lang='lat' dir='ltr'>aed</span> 
     </span>
     <span class='ocr_line' id='line_1_45' title="bbox 279 2006 1749 2039; baseline 0 -8"><span class='ocrx_word' id='word_1_482' title='bbox 279 2014 311 2031; x_wconf 80' lang='lat' dir='ltr'>ae</span> <span class='ocrx_word' id='word_1_483' title='bbox 329 2015 384 2032; x_wconf 77' lang='grc' dir='ltr'>οιιιι</span> <span class='ocrx_word' id='word_1_484' title='bbox 401 2006 438 2032; x_wconf 79' lang='lat' dir='ltr'>hi·</span> <span class='ocrx_word' id='word_1_485' title='bbox 454 2006 552 2039; x_wconf 75' lang='lat' dir='ltr'>quide-</span> <span class='ocrx_word' id='word_1_486' title='bbox 567 2006 768 2033; x_wconf 64' lang='lat' dir='ltr'>enuntiandam</span> <span class='ocrx_word' id='word_1_487' title='bbox 782 2006 842 2032; x_wconf 75' lang='lat' dir='ltr'>milii</span> <span class='ocrx_word' id='word_1_488' title='bbox 860 2007 967 2038; x_wconf 58' lang='lat' dir='ltr'>videt-rr,</span> <span class='ocrx_word' id='word_1_489' title='bbox 983 2006 1012 2032; x_wconf 70' lang='lat' dir='ltr'>-d</span> <span class='ocrx_word' id='word_1_490' title='bbox 1028 2006 1126 2038; x_wconf 73' lang='lat' dir='ltr'>quiden</span> <span class='ocrx_word' id='word_1_491' title='bbox 1143 2015 1227 2033; x_wconf 72' lang='lat' dir='ltr'>ver-</span> <span class='ocrx_word' id='word_1_492' title='bbox 1243 2012 1296 2038; x_wconf 76' lang='lat' dir='ltr'>eat,</span> <span class='ocrx_word' id='word_1_493' title='bbox 1313 2006 1464 2038; x_wconf 61' lang='lat' dir='ltr'>tragoedi-n</span> <span class='ocrx_word' id='word_1_494' title='bbox 1481 2014 1529 2031; x_wconf 79' lang='lat' dir='ltr'>noa</span> <span class='ocrx_word' id='word_1_495' title='bbox 1547 2006 1635 2032; x_wconf 73' lang='lat' dir='ltr'>debera</span> <span class='ocrx_word' id='word_1_496' title='bbox 1651 2006 1749 2032; x_wconf 71' lang='lat' dir='ltr'>ahian</span> 
     </span>
    </p>
   </div>
  </div>
 </body>
</html>
