1943 2355
946 110 990 140 40

200 209 386 251 carminibus,
417 219 490 251 quae
522 207 749 259 exspectationes
779 207 905 250 produnt
929 208 1008 239 chori
1031 208 1075 239 vel
1099 208 1147 249 ita,
1170 213 1204 240 ut
1228 208 1346 240 easdem
1371 211 1591 253 complectatur,
1616 215 1660 246 vel
1684 215 1732 257 ita,

198 260 231 288 ut
253 255 365 287 diversa
383 260 412 286 et
430 255 491 286 sere
504 254 642 286 contraria
666 253 698 284 iis
723 258 923 296 provocentur,
948 254 975 284 in
1002 254 1061 284 aliis
1086 264 1202 295 quoque
1226 254 1303 285 idem
1327 254 1459 288 obtinere
1482 268 1539 288 non
1558 258 1671 291 difficile
1689 266 1734 293 est

198 301 234 335 ad
258 301 479 334 ostendendum.
527 301 568 332 lta
593 310 709 332 carmen
736 298 805 331 illud
828 299 1014 341 Philoctetae,
1040 299 1119 343 quod
1142 299 1216 332 canit
1240 300 1361 343 chorus,
1387 311 1453 334 cum
1477 303 1546 336 abiit
1568 304 1732 348 Neoptole-

196 359 261 380 mus
286 359 352 380 cum
375 348 532 379 Philocteta
556 351 637 378 antro
660 346 844 388 valedicturo,
869 346 1025 388 praemissa
1048 346 1140 378 laetae
1165 347 1369 388 exspectationi
1392 348 1560 382 miserabilis
1584 351 1733 384 Philocte-

196 399 244 427 tae
269 394 439 427 conditionis
463 392 654 435 descriptione
678 397 828 435 praeparat
852 392 1066 435 quodammodo
1090 392 1177 435 ipsius
1202 392 1379 435 adspectum,
1404 395 1518 437 qualem
1542 397 1657 430 exhibet
1680 409 1733 430 se-

196 452 288 485 quens
313 440 424 472 fabulae
447 450 527 482 pars,
552 438 722 481 gravissimis
747 438 840 470 morbi
864 438 1011 470 doloribus
1035 439 1137 471 vexati.
1193 439 1329 471 Similiter
1352 442 1493 473 sententia
1516 442 1595 475 chori
1619 455 1655 476 ex
1679 455 1733 476 su-

196 487 293 530 perbis
321 487 453 518 Jocastae
483 485 520 517 de
550 486 671 517 oraculis
701 485 880 528 opinionibus
910 485 1010 527 ducta,
1042 486 1103 537 jam
1133 496 1198 517 esse
1226 486 1360 518 Deorum
1386 487 1548 520 luculenter
1578 490 1732 523 ostendere

195 533 375 565 oraculorum
404 532 460 563 vim
492 536 522 563 et
546 531 742 573 sanctitatem,
773 531 888 579 egregie
913 536 1064 575 praeparat
1087 532 1281 575 insequentia,
1314 543 1388 576 quae
1413 534 1479 566 satis
1504 534 1542 566 illi
1566 537 1731 583 ostendunt,

195 590 281 623 quam
303 589 370 610 vera
394 579 449 610 sint
473 578 568 610 omnia
591 589 608 610 a
631 577 693 609 Diis
717 574 871 620 praedicta.

284 625 393 658 Ultimo
423 635 541 668 quoque
572 624 677 667 Oedipi
709 625 798 667 Regis
829 628 913 656 cantu
944 624 1069 666 chorico,
1094 624 1226 667 querelas
1250 624 1287 656 de
1311 624 1415 657 misera
1440 625 1545 669 Oedipi
1570 627 1732 662 conditione

189 673 249 715 jam
272 676 372 714 aperta
395 671 576 712 continente,
600 651 774 713 praeparatiU
783 670 944 702 accedimus
969 671 1006 702 ad
1029 670 1191 713 accipienda
1214 671 1304 703 tristia
1327 672 1373 703 illa
1397 672 1505 714 omnia,
1536 685 1610 716 quae
1635 675 1732 708 ultima

193 728 257 762 pars
290 718 402 750 fabulae
433 717 539 762 prodit.
586 718 618 749 In
647 717 793 760 Antigona
823 716 917 749 sabula
942 716 1004 759 jam
1032 716 1157 760 parodus
1187 717 1401 761 quodammodo
1424 723 1574 762 praeparat
1599 720 1731 753 Creontis

192 764 336 807 edictum,
366 776 403 797 ne
437 765 591 808 sepeliatur
622 764 787 808 Polynices,
817 764 1036 808 longioremque
1061 764 1123 808 ejus
1148 764 1370 808 expositionem,
1402 776 1453 797 cur
1476 765 1514 798 ita
1537 767 1731 811 statuendum,

190 822 258 843 cum
281 811 318 844 ab
343 812 410 854 ipsis
434 812 487 844 diis
511 813 642 854 repulsos
666 811 745 843 urbis
769 812 867 843 hostes
891 811 1024 843 exhibeat
1047 816 1185 854 recteque
1213 812 1299 853 igitur
1322 823 1424 843 eorum
1447 812 1483 843 ali
1506 813 1604 845 odium
1628 819 1731 846 osten-

191 857 249 889 dat.
298 858 436 889 Similiter
463 858 580 889 Amoris
610 857 725 899 laudes,
755 857 913 889 Haemonis
937 857 1040 899 agendi
1063 857 1173 889 ratione
1197 862 1366 900 prococatae
1391 863 1560 901 praeparant
1584 860 1620 891 ad
1642 861 1731 892 Anti-

193 915 286 947 gonae
311 904 443 937 dolorem
463 904 524 947 jam
548 904 703 946 edendum,
728 903 807 947 quod
830 904 965 946 innuptae
990 903 1043 936 sibi
1068 903 1104 935 ad
1127 903 1242 935 Hadem
1265 904 1302 936 sit
1324 904 1514 947 migrandum,
1562 906 1652 938 Paulo
1675 907 1730 939 ali-

191 956 237 982 ter
266 951 296 982 in
326 956 457 983 extremo
486 951 582 993 Ajacis
612 955 697 983 cantu
721 951 834 982 chorico
863 962 911 982 res
935 961 967 982 se
992 950 1095 992 hahet,
1128 961 1193 982 cum
1217 962 1288 993 quas
1312 951 1359 983 ille
1383 951 1458 983 inter
1481 952 1613 994 querelas
1637 953 1731 996 prodit

191 996 289 1039 Ajacis
313 997 429 1038 laudes,
453 1001 566 1028 rectum
590 996 804 1040 quodammodo
832 1001 1005 1039 praeparent
1034 996 1070 1027 dc
1102 996 1327 1037 Agamemnonis
1361 997 1523 1040 Teucrique
1553 999 1730 1031 orationibus

186 1043 339 1086 judicium.
393 1044 427 1075 In
454 1043 588 1075 Electrae
618 1043 742 1075 carmine
771 1043 819 1075 illo
849 1054 884 1075 ex
916 1042 1142 1085 Clytemnestrae
1172 1042 1283 1074 somnio
1314 1042 1404 1075 fausta
1433 1054 1567 1087 quaeque
1597 1050 1730 1088 sperante

190 1090 367 1133 praeclaram
396 1090 557 1133 reperimus
586 1089 623 1122 ad
651 1100 752 1121 sensus
782 1100 849 1121 mox
879 1089 1000 1121 auditori
1030 1100 1064 1121 ex
1095 1089 1344 1132 Chrysostomedis
1374 1090 1502 1122 oratione
1532 1091 1730 1134 percipiendos

188 1136 448 1180 praeparationem.
504 1136 640 1168 Similiter
663 1147 709 1178 eo,
734 1136 812 1180 quod
836 1135 967 1168 audimus
991 1136 1095 1168 laetam
1119 1140 1218 1179 optare
1242 1136 1375 1168 Electrae
1400 1136 1567 1169 conditionis
1591 1138 1730 1170 mutatio-

189 1194 272 1225 nem,
302 1184 463 1226 praeparati
492 1183 621 1215 videmus
651 1183 744 1226 ipsum
773 1183 912 1215 accedere
943 1183 1091 1215 Orestem.
1143 1182 1247 1225 Aeque
1272 1187 1350 1215 certa
1372 1183 1418 1215 illa
1442 1183 1520 1215 chori
1544 1184 1730 1227 exspectatio,

188 1240 246 1272 qua
269 1230 438 1271 Dejaniram
462 1230 559 1261 studet
582 1229 695 1271 erigere
718 1229 932 1260 Trachiniarum
957 1229 1071 1269 chorus,
1096 1240 1153 1260 non
1177 1228 1377 1271 derelinquere
1400 1230 1503 1261 Jovem
1526 1230 1617 1262 filium
1636 1242 1731 1272 suum,

188 1275 439 1318 praeparationem
463 1274 605 1319 quandam
633 1275 720 1307 habet
743 1275 833 1307 nuntii
858 1274 894 1306 de
919 1275 981 1317 ejus
998 1274 1093 1306 reditu
1110 1285 1178 1306 mox
1196 1274 1344 1317 asserendi,
1368 1274 1522 1318 descriptio
1541 1287 1619 1318 vero,
1644 1287 1730 1320 quam

188 1327 291 1365 postea
315 1321 446 1354 audimus
470 1322 600 1365 proferre
624 1322 752 1363 chorum,
777 1321 881 1353 amoris
905 1321 1039 1353 Herculis
1064 1332 1132 1364 erga
1155 1321 1322 1364 Dejaniram
1343 1321 1546 1365 desolataeque
1564 1322 1637 1354 illius
1656 1334 1730 1355 con-

188 1368 302 1400 ditionis
328 1368 463 1409 ostendit,
488 1373 626 1412 quantum
650 1368 812 1400 necessario
836 1368 882 1400 illa
905 1368 1012 1400 tribuat
1034 1368 1168 1400 Herculis
1192 1368 1283 1400 amori
1305 1368 1401 1411 itaque
1425 1373 1575 1411 praeparat
1598 1374 1732 1402 conatum

187 1414 268 1447 illum
293 1415 355 1457 ejus
378 1414 577 1457 recuperandi.

282 1462 499 1503 Componantur
519 1461 579 1503 jam
604 1461 655 1493 alia
679 1461 821 1504 quaedam
845 1461 986 1503 exempla,
1010 1461 1063 1493 alia
1086 1460 1214 1504 quidem,
1238 1460 1291 1493 sed
1313 1470 1371 1492 non
1394 1461 1488 1493 minus
1501 1461 1610 1494 efficaci
1620 1462 1731 1494 ratione

188 1507 267 1539 idem
291 1507 461 1549 efficientia,
486 1518 521 1539 ea
545 1507 625 1547 dico,
658 1518 731 1550 quae
755 1507 915 1550 provocatis
940 1507 1059 1539 diversis
1083 1506 1160 1550 apud
1183 1511 1376 1550 spectatorem
1400 1507 1490 1539 sensis
1514 1507 1553 1539 ita
1577 1508 1639 1550 ejus
1663 1508 1730 1540 affi-

188 1554 264 1586 ciant
287 1554 424 1596 animum,
449 1558 482 1586 ut
505 1554 584 1597 quod
606 1554 766 1597 insequitur
789 1553 917 1595 actionis,
942 1557 1083 1596 congruat
1106 1554 1196 1596 magis
1215 1564 1280 1585 cum
1298 1553 1386 1596 ipsius
1404 1554 1554 1586 sententia.
1585 1555 1731 1598 Insignem

187 1600 328 1643 ejusmodi
366 1600 422 1633 vim
458 1600 545 1633 habet
576 1601 682 1633 laetum
710 1600 779 1633 illud
809 1600 915 1644 Oedipi
938 1600 1027 1643 Regis
1056 1611 1172 1632 carmen
1201 1600 1314 1644 saepius
1338 1600 1399 1643 jam
1427 1605 1635 1644 memoratum,
1672 1612 1731 1645 quo

188 1647 285 1691 prodit
308 1659 376 1691 spes
401 1658 468 1679 suas
493 1647 530 1679 de
553 1647 651 1688 nobili,
676 1647 767 1680 immo
791 1647 883 1680 divina
906 1647 1023 1680 forsitan
1038 1647 1142 1691 Oedipi
1154 1647 1263 1689 origine
1287 1648 1409 1688 chorus3
1434 1647 1514 1691 quod
1537 1658 1602 1680 cum
1627 1648 1733 1680 excitet

188 1694 315 1726 diversas
350 1695 436 1737 plane
467 1705 500 1725 ac
532 1694 685 1726 contrarias
722 1694 890 1737 spectatoris
921 1694 1094 1735 sententias,
1131 1694 1169 1725 ita
1197 1700 1348 1736 praeparat
1377 1693 1413 1726 ad
1436 1705 1499 1725 rem
1522 1705 1589 1726 mox
1612 1705 1731 1737 prorsus

189 1739 394 1783 detegendam.
444 1740 581 1772 Similiter
605 1740 682 1771 chon·
706 1745 806 1772 cantus
831 1741 859 1772 in
882 1740 988 1783 Ajace,
1013 1741 1062 1783 qui
1086 1739 1222 1782 gaudium
1246 1740 1330 1772 effert
1354 1740 1416 1782 ejus
1440 1739 1477 1772 de
1500 1745 1612 1772 mutato
1633 1740 1730 1782 Ajacis

187 1787 292 1829 animo,
318 1787 471 1830 persimilia
495 1787 664 1829 spectatoris
689 1787 792 1819 excitat
816 1797 910 1828 sensa,
935 1797 968 1819 ac
992 1786 1047 1828 illa,
1072 1797 1146 1830 quae
1170 1797 1237 1818 mox
1262 1786 1402 1829 concipiet
1426 1797 1442 1819 e
1466 1786 1557 1819 nuntii
1568 1786 1730 1819 narratione

187 1833 225 1866 de
249 1834 364 1866 Teucro
398 1833 616 1876 Calchantisque
653 1834 790 1866 vaticinio.
850 1834 984 1866 Electrae
1020 1832 1167 1866 desolatae
1197 1844 1263 1866 cum
1293 1833 1388 1866 audiat
1415 1833 1535 1866 chorum
1565 1832 1730 1866 describere

187 1884 303 1921 statum,
329 1881 469 1913 Orestem
492 1879 587 1911 adhuc
609 1880 703 1911 vivere
728 1885 758 1911 et
782 1879 884 1912 adesse
907 1879 1094 1911 reminiscens
1119 1885 1264 1922 spectator
1285 1891 1343 1911 non
1366 1880 1460 1911 minus
1483 1884 1669 1922 praeparatur
1692 1880 1730 1912 ad

187 1925 249 1969 ejus
284 1926 373 1970 ipsius
406 1925 560 1958 adventum
591 1926 686 1958 statim
716 1926 932 1969 insequentem,
969 1936 1056 1969 quam
1079 1925 1147 1967 illis,
1183 1936 1253 1969 quas
1284 1936 1369 1969 supra
1393 1925 1552 1968 attigimus,
1588 1925 1625 1958 de
1655 1926 1729 1958 felici

186 1973 344 2005 mutatione
368 1972 513 2016 precibus.
576 1972 664 2010 Quod
693 1978 827 2015 precatur
851 1977 881 2004 et
905 1976 1052 2015 exspectat
1082 1972 1185 2004 chorus
1210 1972 1439 2013 Trachiniarum,
1476 1971 1552 2004 dono
1575 1972 1729 2015 Dejanirae

185 2019 402 2052 reconciliatum
425 2019 459 2051 iri
483 2018 617 2051 Herculis
642 2029 789 2060 amorem,
827 2018 1000 2051 contrarium
1036 2029 1154 2051 movens
1177 2018 1331 2061 spectatori
1354 2022 1464 2050 metum
1488 2029 1556 2050 eum
1579 2022 1729 2061 praeparat
