1943 2355
931 81 976 114 38

188 185 218 212 et
240 179 356 212 retineri
380 190 463 211 sensa
487 189 522 211 ex
546 177 734 210 antecedente
758 177 870 209 fabulae
894 181 974 220 parte
999 178 1208 221 spectatoribus
1232 185 1370 223 concepta
1386 185 1517 224 apertum
1534 187 1587 214 est.
1623 182 1719 216 Laetis

188 237 254 258 vero
278 226 423 268 gratisque
446 225 577 257 immixtis
602 224 707 256 misero
730 224 758 255 in
782 223 945 255 universum
970 224 1027 256 fato
1051 224 1089 256 ita
1112 235 1164 256 nos
1190 226 1315 257 solemus
1340 227 1424 268 affici,
1447 232 1480 259 ut
1503 227 1598 259 denuo
1617 229 1718 271 ingre-

187 272 291 304 dientia
315 272 388 303 mala
411 272 500 313 magis
525 270 610 302 etiam
634 270 784 312 improvisa
808 269 972 311 agentibus,
996 274 1030 302 ut
1052 271 1164 312 gravius
1188 271 1265 314 ipsos
1289 272 1424 312 afficiunt,
1449 274 1540 306 acrius
1564 274 1719 308 sentiamus

185 319 382 362 majoremque
409 329 444 351 ex
468 328 503 350 eo
527 316 717 359 concipiamus
742 315 975 359 misericordiam,
1000 316 1079 360 quod
1101 317 1130 349 in
1153 318 1234 350 malis
1258 319 1362 351 versari
1386 319 1516 353 homines
1540 320 1718 364 perspicien-

185 371 229 398 tes
253 366 331 408 ipsos
355 376 391 397 ne
416 364 574 406 suspicione
598 363 715 407 quidem
745 374 845 396 eorum
869 363 945 405 tangi
969 363 1108 396 videmus.
1157 365 1266 403 Quales
1290 365 1485 399 conditionum
1508 367 1717 400 immutationes

185 412 208 444 si
233 412 299 444 licet
327 412 415 443 verbo
446 410 604 453 significare
628 410 827 450 Aristotelico,
858 410 1013 452 peripetiae
1043 411 1155 453 saepius
1186 411 1341 444 inserviunt
1367 413 1445 444 chori
1477 414 1600 446 carmina
1628 414 1717 456 magis

185 458 270 491 etiam
294 457 466 498 efferendae,
490 457 578 488 immo
602 456 746 488 interdum
769 457 829 499 ipsa
852 455 975 489 maxime
1000 467 1048 489 eas
1073 457 1214 500 efficiunt,
1245 462 1276 490 ut
1303 458 1332 489 in
1360 459 1408 491 illo
1439 460 1564 492 carmine
1588 460 1624 493 de
1647 472 1717 493 mu-

184 510 243 537 tato
267 505 361 546 Ajacis
386 504 480 535 animo
505 504 549 535 vel
573 504 600 535 in
623 503 682 544 illo,
707 503 786 546 quod
810 504 1036 545 exspectationes
1061 504 1145 536 effert
1168 504 1247 536 chori
1267 504 1304 536 de
1323 505 1429 548 Oedipi
1453 506 1572 548 origine,
1597 508 1717 539 alterum

183 551 271 593 magis
297 550 419 582 excitans
444 549 602 581 amicorum
624 549 719 592 Ajacis
744 549 1038 591 commiserationem,
1069 550 1190 582 alterum
1215 550 1336 582 maxime
1361 562 1430 593 erga
1453 552 1546 595 ipsum
1572 553 1717 596 Oedipum

182 608 298 629 movens
322 596 556 638 misericordiam,
582 607 647 628 cum
671 596 739 629 satis
763 595 926 639 praevideat
950 600 1104 639 spectator,
1130 601 1160 629 ut
1184 597 1276 638 illurn,
1305 597 1342 630 ita
1372 598 1441 630 alios
1473 610 1574 631 omnes
1599 604 1718 644 excepta

182 643 297 687 quidem
321 644 437 675 Jocaste
462 643 537 674 salsis
566 643 718 685 circumagi
743 642 1010 685 exspectationibus.
1035 661 1082 665 —
1113 643 1202 682 Quod
1224 655 1293 675 vero
1316 644 1433 676 unicum
1457 656 1513 677 non
1542 645 1659 677 ductum
1683 657 1717 678 ex

180 691 239 734 ipsa
269 689 381 722 fabulae
411 689 538 730 actione,
571 700 686 721 carmen
715 690 793 721 chori
818 693 949 720 ἐπινίκιον
972 690 1134 732 Antigonae
1170 690 1278 734 parodo
1309 691 1463 734 prolatum,
1495 692 1716 725 misericordiam

180 748 248 780 erga
272 737 448 779 Antigonem
472 737 579 779 optime
603 737 641 768 ita
665 736 768 768 excitat
792 742 822 768 et
845 742 941 779 auget,
965 741 998 768 ut
1020 737 1147 769 tristibus
1172 734 1262 769 solam
1287 737 1347 770 sere
1372 738 1446 770 illam
1470 738 1602 771 affectam
1626 740 1716 771 sensis

180 783 321 822 ostendat,
347 782 480 815 omnibus
505 783 563 815 aliis
589 783 709 815 ssorente
730 783 789 825 jam
813 794 911 815 rerum
935 788 1010 815 statu
1034 783 1234 826 gaudentibus.
1250 802 1297 806 —
1320 785 1353 816 In
1376 784 1509 817 omnihus
1534 790 1630 818 autem
1655 785 1716 818 fere

179 830 320 874 ejusmodi
346 830 435 862 sensis
460 830 504 862 vel
529 830 608 862 laetis
633 830 677 862 vel
700 830 845 872 tristibus,
882 830 1007 874 qualium
1031 831 1160 874 exempla
1185 831 1272 863 modo
1297 832 1510 874 congessimus,
1545 833 1715 876 plerumque

178 889 294 920 semper
318 877 446 908 videmus
472 877 591 910 chorum
615 877 734 908 modum
758 877 901 919 quendam
926 882 1026 908 tenere
1051 882 1081 909 et
1104 878 1339 919 mediocritatem,
1364 878 1442 920 quod
1466 879 1582 921 quidem
1607 879 1715 921 optime

178 924 240 966 ejus
277 923 405 965 personis
442 923 592 954 convenire
629 927 760 965 apertum
797 928 855 962 est,
892 923 997 965 quippe
1033 934 1107 965 quae
1142 934 1199 955 non
1230 934 1323 966 aeque
1353 924 1511 956 afficiantur
1543 925 1646 966 gaudio
1670 926 1713 956 vel

178 981 328 1009 moerore,
360 980 393 1000 ac
417 980 483 1001 vere
508 974 644 1011 agentes3
676 979 770 1012 neque
799 969 890 1001 minus
921 980 987 1001 cum
1011 980 1044 1001 ea
1068 969 1177 1001 ratione
1201 969 1344 1012 congruit,
1370 981 1426 1013 qua
1450 970 1572 1013 saepius,
1596 971 1714 1003 nimium

180 1017 203 1048 si
235 1016 304 1059 quid
340 1016 471 1047 videntur
507 1016 600 1047 facere
636 1026 793 1058 personae,
829 1015 865 1047 ab
901 1016 956 1047 hoe
992 1027 1040 1048 eas
1077 1016 1173 1048 studet
1208 1027 1343 1048 revocare
1374 1016 1410 1048 ad
1441 1017 1560 1049 modum
1584 1029 1617 1049 ac
1640 1029 1713 1061 pru-

178 1063 313 1095 dentiam.

270 1110 350 1147 Quas
375 1109 518 1140 interdum
542 1109 662 1140 chorum
686 1108 816 1140 audimus
840 1109 970 1151 proferre
994 1109 1231 1151 exspectationes,
1256 1110 1294 1141 ita
1317 1110 1419 1152 partim
1437 1115 1503 1142 sunt
1522 1115 1712 1152 comparatae,

176 1160 209 1187 ut
232 1166 299 1187 vere
323 1155 386 1186 fieri
410 1155 571 1196 videamus,
597 1154 676 1197 quod
700 1155 832 1196 efferunt,
857 1155 958 1197 partim
982 1165 1066 1186 verae
1091 1166 1148 1186 non
1172 1155 1253 1187 fiunt.
1301 1156 1344 1187 Ita
1368 1166 1434 1187 cum
1458 1156 1485 1187 in
1510 1155 1625 1198 Oedipo
1650 1157 1713 1188 Co-

175 1202 261 1233 loneo
286 1205 433 1244 exspectet
458 1201 572 1242 chorus,
597 1212 665 1232 mox
688 1201 825 1233 victorem
849 1201 994 1233 Theseum
1017 1201 1204 1233 reducturum
1228 1212 1293 1233 esse
1316 1201 1438 1244 virgines
1463 1213 1478 1234 a
1498 1203 1622 1234 Creonte
1641 1203 1712 1245 patri

175 1253 305 1290 ereptas,
330 1258 397 1279 vere
423 1248 531 1288 evenit,
557 1247 636 1289 quod
660 1252 764 1289 sperat.
814 1247 947 1278 Similiter
970 1247 1016 1278 ille
1041 1252 1155 1289 cantus,
1180 1258 1268 1290 quem
1292 1248 1351 1279 edit
1374 1248 1488 1289 chorus,
1514 1259 1579 1279 cum
1602 1249 1713 1279 intravit

175 1294 202 1326 in
227 1294 314 1326 aedes
339 1299 471 1337 paternas
497 1294 619 1325 Orestes
645 1293 732 1336 patris
756 1293 874 1325 caedem
897 1293 1018 1334 ulturus,
1042 1304 1138 1325 veram
1162 1293 1278 1326 exhibet
1302 1294 1553 1337 exspectationem,
1574 1294 1634 1337 jam
1652 1294 1712 1327 dari

174 1352 282 1384 poenas
307 1340 343 1373 ab
368 1341 453 1383 impia
477 1340 703 1382 Agamemnonis
726 1351 816 1372 uxore
840 1359 885 1363 —-
916 1345 946 1372 et
975 1351 1027 1383 per
1056 1340 1124 1372 alios
1157 1352 1273 1384 quoque
1297 1341 1430 1374 Electrae
1460 1346 1558 1373 cantus
1582 1342 1711 1374 choricos

174 1387 353 1418 intermixtus
377 1387 521 1429 reperitur
553 1397 654 1417 sensus
684 1386 746 1426 ille,
778 1397 834 1417 non
862 1397 996 1428 passuros
1020 1387 1117 1427 Deos,
1148 1391 1180 1418 ut
1208 1387 1337 1429 impuniti
1367 1388 1458 1418 vivant
1485 1388 1710 1429 Agamemnonis

175 1433 385 1475 interfectores,
411 1433 484 1464 mala
508 1432 624 1464 indicari
649 1432 760 1464 somnio
773 1432 1000 1476 Clytemnestrae
1024 1432 1105 1464 simil.
1141 1432 1220 1465 Alias
1245 1437 1343 1465 contra
1366 1433 1481 1465 aberrat
1504 1444 1520 1465 a
1543 1444 1612 1465 vero
1632 1433 1711 1465 chori

173 1480 358 1522 exspectatio,
383 1485 415 1512 ut
438 1480 466 1511 in
490 1480 537 1511 illo
562 1480 738 1512 Philoctetae
762 1480 895 1519 carmine,
920 1479 999 1522 quod
1022 1479 1150 1522 exposita
1174 1480 1326 1512 miserabili
1350 1480 1524 1512 Philoctetae
1549 1480 1710 1513 conditione

173 1526 417 1568 exspectationem
442 1526 519 1557 addit
543 1526 662 1566 laetam,
691 1526 750 1567 jam
775 1536 850 1556 nunc
874 1525 991 1557 domum
1021 1536 1088 1556 eum
1111 1525 1297 1557 reducturum
1322 1536 1386 1557 esse
1410 1527 1649 1568 Neoptolemum,
1681 1531 1711 1558 et

172 1572 201 1604 in
224 1572 271 1604 illo
296 1572 528 1613 Trachiniarum,
559 1571 638 1615 quod
660 1571 814 1614 Dejanirae
845 1576 987 1604 amantem
1018 1571 1135 1614 pristino
1165 1583 1262 1604 amore
1291 1572 1450 1604 rediturum
1473 1573 1631 1605 Herculem
1654 1584 1710 1605 ex-

171 1624 302 1661 spectare
326 1620 463 1660 chorum,
496 1623 575 1650 certe
599 1629 657 1650 non
682 1619 822 1660 cogitare,
854 1618 905 1650 nisi
935 1619 971 1650 de
1002 1619 1077 1650 laeto
1102 1619 1164 1661 ejus
1188 1618 1282 1651 reditu
1307 1619 1441 1651 ostendit.
1495 1619 1630 1652 Similiter
1649 1619 1710 1661 jam

171 1665 231 1707 ipsa
256 1665 363 1708 parodo
388 1665 555 1696 Trachiniae
579 1665 701 1706 virgines
725 1664 761 1695 ad
785 1664 987 1696 consolandam
1010 1665 1177 1707 Dejaniram
1206 1675 1270 1696 eam
1299 1665 1473 1708 eloquuntur
1501 1676 1598 1708 spem,
1629 1669 1709 1696 certo

171 1712 274 1743 Jovem
299 1712 386 1743 filium
411 1722 476 1743 esse
501 1711 650 1752 tuiturum,
675 1710 802 1754 quamvis
826 1721 928 1753 magna
951 1711 1025 1743 inter
1047 1715 1178 1743 versetur
1200 1711 1334 1754 pericula.
1369 1711 1484 1744 Eodem
1507 1711 1605 1753 modo,
1629 1710 1708 1755 quod

172 1759 285 1802 saepius
306 1758 366 1801 jam
390 1758 580 1800 laudavimus,
600 1769 716 1790 carmen
740 1757 809 1789 illud
832 1768 868 1789 ex
893 1758 1007 1801 Oedipo
1032 1759 1130 1801 Rege,
1155 1758 1233 1802 quod
1257 1758 1378 1791 divinam
1402 1769 1434 1791 se
1459 1763 1626 1802 exspectare
1650 1758 1707 1791 de-

171 1810 279 1837 tectum
303 1805 336 1837 iri
361 1805 432 1837 illius
457 1805 597 1847 originem
621 1805 725 1837 chorus
750 1804 869 1846 indicat,
900 1805 1079 1847 gravissima,
1112 1805 1191 1848 quod
1214 1805 1282 1837 satis
1307 1806 1393 1838 sentit
1416 1810 1576 1849 spectator,
1601 1816 1617 1837 a
1640 1816 1707 1837 vera

168 1863 266 1884 rerum
301 1851 463 1884 conditione
499 1851 622 1884 aberrat.
707 1852 791 1890 Quae
828 1852 920 1883 omnia
958 1852 996 1884 ita
1033 1856 1100 1884 sunt
1129 1852 1256 1884 instituta
1280 1863 1296 1884 a
1319 1857 1415 1895 poeta,
1438 1857 1472 1885 ut
1495 1852 1538 1884 vel
1563 1856 1707 1896 spectator

168 1898 244 1931 idem
269 1899 395 1931 sentiens
419 1898 553 1942 idemque
582 1903 750 1942 exspectans
780 1898 935 1931 retineatur
964 1899 990 1930 in
1015 1898 1118 1931 talibus
1151 1898 1369 1942 cogitationibus
1398 1899 1442 1931 vel
1472 1899 1611 1931 contraria
1635 1899 1705 1931 alios

168 1945 264 1977 videns
290 1950 456 1988 exspectare
480 1956 513 1977 ac
536 1945 597 1988 ipse
622 1950 733 1988 potest,
758 1955 790 1977 re
814 1945 904 1987 magis
927 1949 1094 1988 perspecta,
1119 1950 1148 1977 et
1171 1946 1310 1988 majorem
1333 1945 1400 1978 inde
1425 1946 1564 1989 concipiat
1586 1945 1703 1978 miseri-

118 2012 120 2014 -
167 1991 280 2024 cordiae
305 2003 439 2034 sensum,
472 2003 538 2024 mox
563 2002 579 2023 a
603 1992 651 2024 tali
676 1991 888 2035 exspectatione
912 1991 948 2023 ad
972 1991 1112 2024 contraria
1136 1992 1230 2024 omnia
1254 1991 1416 2024 traductum
1440 1991 1472 2026 iri
1496 1992 1637 2033 sentiens,
1674 1996 1704 2023 et
