1943 2355
936 115 980 149 23

189 217 305 251 aetionis
335 225 418 260 pars3
453 215 560 248 sensim
594 215 678 247 haec-
701 213 883 247 minuebatur
917 215 1068 259 minusque
1104 214 1220 247 actionis
1255 213 1391 247 manebat
1426 212 1584 257 particeps,
1620 211 1724 251 donec,

189 274 306 308 prorsus
336 264 397 303 fere
426 262 463 295 ab
492 273 528 294 ea
556 262 713 304 recedens,
743 262 865 294 carmina
894 267 1023 304 caneret,
1053 262 1261 305 pulchritudine
1291 261 1407 306 quidem
1437 265 1467 292 et
1492 264 1555 292 arte
1580 259 1665 291 etiam
1687 269 1725 291 a

189 311 320 353 insignia,
351 310 403 342 sed
426 309 509 340 nimis
532 309 623 341 aliena
647 319 664 340 a
686 308 774 340 rebus
798 309 876 340 actis.
925 309 1013 347 Quod
1036 320 1102 340 cum
1126 320 1178 351 per
1202 320 1233 340 se
1257 309 1378 351 quisque
1402 307 1540 348 intelligat
1562 306 1606 337 rei
1629 305 1723 336 mirm

189 357 355 398 convenire,
385 366 422 387 ne
453 355 522 387 illud
552 354 684 398 quidem,
721 355 799 398 quod
822 355 945 398 primum
970 355 1075 387 sactum
1099 366 1163 388 esse
1187 355 1385 398 exposuimus,
1415 358 1552 397 tanquam
1582 352 1724 395 optimum

189 400 361 437 laudandum
385 402 429 434 vel
452 401 720 434 commendandum.
767 403 808 434 Et
831 402 907 434 enim
930 402 1022 445 major
1043 413 1180 434 numerus
1204 412 1392 445 personatum
1415 401 1501 443 longe
1525 399 1620 431 minus
1644 403 1723 441 aptas

189 461 238 483 eas
267 449 363 483 reddit
392 449 428 481 ad
456 453 552 492 partes
576 449 695 491 tragicas
719 448 882 481 subeundas
907 454 937 481 et
960 449 1132 491 cavendum,
1164 460 1202 481 ne
1226 460 1309 481 sensa
1333 459 1401 492 prae
1426 448 1538 480 actione
1562 446 1673 478 valeant
1695 445 1724 476 in

188 496 344 540 tragoedia.
399 497 500 539 ltaque
536 495 585 539 qui
618 496 694 528 volet
729 496 765 528 de
795 496 847 528 hac
878 496 1004 529 Graecae
1031 496 1196 539 tragoediae
1225 501 1323 539 parte,
1358 495 1474 539 qualem
1497 494 1574 526 illam
1593 491 1725 525 ostendit

188 543 387 577 florentissima
416 548 510 585 aetas,
536 543 674 586 judicium
704 539 756 575 sibi
785 542 953 585 informare,
982 543 1104 576 maxime
1128 544 1154 575 ei
1178 544 1232 575 erit
1254 542 1435 575 redeundum
1459 541 1496 574 ad
1518 551 1603 583 eum,
1632 550 1724 584 quem

187 590 312 622 mediam
341 591 386 621 htc
415 589 575 621 felicissime
604 590 731 621 tenuisse
761 594 886 630 constat,
899 589 913 612 1
914 590 932 630 )
967 591 1004 622 ad
1034 591 1227 633 Sophoclem:
1264 591 1313 633 qui
1342 590 1440 632 quales
1472 589 1560 620 choro
1589 586 1724 619 tribuerit

188 640 297 679 partes,
321 636 399 667 hisce
435 635 542 678 paginis
566 646 618 679 pro
640 635 745 668 viribus
769 635 922 667 ostendere
945 635 1081 668 conabor.
1130 655 1132 658 .

279 696 494 739 Supervacan‘ea
526 695 609 737 plane
640 695 715 727 soret
740 695 812 726 haec
841 695 1013 738 disquisitio,
1050 695 1073 727 si
1102 694 1221 737 librum,
1257 705 1345 738 quem
1369 694 1406 726 de
1430 694 1518 726 choro
1542 693 1635 736 ipsum
1660 693 1721 724 So—

186 741 319 785 phoclem
349 741 495 784 scripsisse
525 752 542 772 e
573 741 660 773 Suida
687 745 816 782 constat,
853 746 996 773 servatum
1024 741 1214 782 haberemus,
1251 741 1303 772 sed
1332 740 1416 785 periit
1444 745 1473 772 et
1503 751 1539 771 ne
1563 740 1722 781 fragmenta

186 787 304 831 quidem
326 792 446 819 exstant.
495 788 579 826 Quae
603 793 700 820 autem
724 799 740 819 a
763 788 970 821 recentioribus
995 788 1031 820 de
1055 788 1108 821 hac
1130 800 1163 820 re
1188 788 1328 831 disputata
1353 792 1434 829 sunt,
1466 787 1509 819 vix
1534 797 1568 818 ea
1591 785 1723 817 videntur

186 845 249 866 rem
277 845 395 877 prorsus
425 834 639 876 composuisse;
674 834 719 866 vel
750 834 828 866 enim
857 834 892 866 ab
923 835 1067 867 erroribus
1098 846 1155 866 non
1184 834 1289 876 libera,
1324 835 1368 865 vel
1398 834 1479 865 nimis
1506 834 1535 864 in
1558 833 1722 864 universum

186 881 342 923 disputata,
366 880 411 912 vel
434 891 492 912 non
515 885 605 912 totam
629 891 692 912 rem
715 886 899 923 pertractant.
946 881 1006 920 ‘Qui
1029 881 1137 924 primus
1161 881 1302 922 omnium,
1327 885 1465 924 quantum
1490 879 1623 923 equidem
1646 878 1721 918 novi,

186 927 259 959 hanc
294 927 491 970 quaestionem
527 927 667 970 suscepit,
703 925 927 972 Heerenius‚2)
962 928 1003 969 is,
1035 938 1101 959 cum
1131 928 1167 960 de
1191 928 1324 959 universo
1346 927 1520 969 tragicorum
1545 927 1722 958 Graecorum

185 974 273 1005 choro
297 979 411 1015 ageret,
436 983 531 1015 neque
557 973 712 1005 admodum
734 974 879 1006 luculente
905 979 935 1006 et
958 978 1089 1005 accurate
1113 974 1149 1005 de
1175 974 1290 1016 singulis
1315 974 1374 1015 egit
1396 974 1441 1005 vel
1464 973 1507 1004 vix
1532 983 1566 1004 ea
1591 977 1721 1012 tangens,

186 1029 280 1062 neque
312 1019 348 1051 de
377 1019 509 1051 universa
536 1019 616 1052 chori
643 1020 797 1063 Sophoclei
825 1020 920 1052 indole
952 1020 990 1052 ita
1014 1020 1162 1063 exposuit,
1198 1025 1231 1052 ut
1254 1020 1282 1051 in
1307 1020 1368 1062 ejus
1393 1019 1570 1062 expositione
1593 1017 1723 1050 videatur

184 1066 433 1110 acquiescendum.
482 1066 541 1105 Qui
569 1071 636 1110 post
665 1078 732 1099 eum
761 1067 790 1099 in
812 1068 885 1100 hanc
908 1078 971 1100 rem
994 1067 1149 1110 inquisivit,
1180 1064 1363 1111 Ilgenius,³)
1393 1066 1469 1098 aliud
1500 1066 1569 1109 quid
1597 1075 1722 1108 sequens

183 1112 310 1144 breviter
337 1113 410 1144 hanc
439 1117 551 1155 partem
581 1114 787 1145 dissertationis
812 1114 946 1155 absolvit,
976 1113 1209 1157 singulorumque
1232 1114 1339 1145 nullam
1362 1113 1423 1144 sere
1447 1112 1547 1145 habuit
1569 1112 1721 1149 rationem,

184 1158 222 1190 de
252 1159 384 1190 universo
409 1159 558 1201 Sophoclis
586 1159 674 1191 choro
698 1159 800 1191 eadem
824 1171 856 1192 ac
879 1159 1042 1192 Heerenius
1065 1160 1224 1203 iisdemque
1250 1160 1310 1191 sere
1334 1159 1427 1191 verbis
1453 1163 1589 1190 statuens.
1638 1157 1721 1189 Sub-

184 1210 282 1237 secuta
305 1210 350 1237 est
372 1205 449 1237 haud
472 1205 617 1248 inelegans
642 1206 800 1239 Gernhardi
808 1204 843 1250 4)
873 1206 1041 1250 disputatio,
1071 1206 1101 1238 id
1124 1217 1192 1238 vero
1215 1206 1337 1238 maxime
1362 1205 1533 1247 ostendens,
1558 1204 1721 1237 necessario

184 1252 311 1294 quodam
340 1251 428 1283 modo
456 1251 597 1295 simulque
628 1263 685 1284 non
714 1253 774 1284 sine
805 1264 907 1294 magna
937 1252 1059 1296 quadam
1089 1253 1208 1284 utilitate
1240 1253 1359 1284 chorum
1390 1252 1518 1284 adhiberi
1548 1262 1565 1283 a
1595 1250 1720 1294 tragicis.

183 1298 267 1330 Hanc
296 1298 358 1340 ejus
383 1298 552 1330 sententiam
576 1298 743 1341 impugnare
768 1299 875 1331 studuit
898 1309 1001 1331 censor
1024 1298 1163 1331 literarius
1188 1299 1215 1330 in
1240 1303 1394 1331 comment.
1420 1309 1479 1330 soc.
1505 1297 1571 1340 phil.
1596 1294 1720 1341 Lips.⁵)

184 1344 268 1383 Quae
298 1355 364 1377 cum
393 1344 486 1376 minus
517 1344 677 1388 pertineant
709 1345 745 1377 ad
769 1356 833 1378 eam
856 1345 1097 1389 disquisitionem,
1134 1356 1220 1388 quam
1248 1356 1302 1377 nos
1333 1344 1521 1385 instituimus,
1556 1344 1721 1376 historicam

182 1391 288 1433 magis,
319 1402 405 1434 quam
429 1390 626 1433 aestheticam,
657 1392 809 1434 Schlegelii
831 1392 905 1424 liber
929 1392 965 1423 de
990 1396 1050 1424 arte
1074 1392 1180 1434 tragica
1205 1403 1262 1424 non
1285 1402 1376 1435 pauca
1399 1391 1541 1432 continet,
1559 1401 1640 1433 quae
1665 1390 1722 1421 huc

182 1437 296 1479 faciunt,
320 1437 443 1469 maxime
467 1448 535 1469 vero
560 1448 624 1469 eam
649 1438 828 1480 sententiam,
853 1438 1010 1471 adhibitum
1034 1448 1099 1470 esse
1124 1439 1243 1470 chorum
1262 1449 1278 1470 a
1296 1443 1392 1481 poeta,
1416 1442 1448 1469 ut
1466 1437 1529 1480 ejus
1549 1436 1721 1469 carminibus

182 1484 305 1527 praeiret
334 1483 568 1527 quoddammodo
598 1484 806 1528 spectatoribus
836 1496 935 1517 verum
966 1484 1002 1517 de
1033 1495 1065 1516 re
1096 1490 1158 1517 acta
1178 1484 1326 1528 judicium.
1374 1485 1457 1518 Haec
1481 1484 1623 1516 sententia
1646 1482 1721 1528 apud

180 1541 281 1563 omnes
305 1530 366 1563 sere
390 1530 437 1563 diu
463 1530 594 1563 obtinuit.
630 1531 752 1574 Primus,
778 1532 806 1564 ni
825 1532 915 1574 fallor,
940 1531 1069 1563 discessit
1087 1531 1122 1564 ab
1142 1543 1176 1564 ea
1191 1531 1367 1565 Welckerus
1386 1531 1450 1564 libri
1468 1531 1552 1572 illius,
1577 1541 1664 1575 quem
1683 1529 1720 1562 de

179 1576 297 1620 trilogiis
321 1577 487 1622 Aeschyleis
511 1577 687 1621 conscripsit,
711 1578 780 1612 locis
804 1579 920 1623 aliquot,
945 1589 1001 1610 non
1025 1578 1089 1621 plus
1113 1578 1252 1611 tributum
1277 1589 1342 1611 esse
1366 1578 1455 1611 choro
1475 1578 1609 1619 efferens,
1634 1587 1721 1621 quam

180 1623 259 1668 quod
281 1624 413 1667 vulgares
435 1624 566 1657 homines
591 1625 710 1668 sapiant.
757 1627 858 1669 Longe
882 1625 1040 1658 accuratius
1064 1630 1160 1658 autem
1184 1626 1213 1658 in
1233 1626 1306 1658 hanc
1323 1636 1387 1658 rem
1405 1625 1547 1669 inquisivit
1565 1624 1720 1668 Gmppius,

245 1734 357 1760 recedere
378 1743 393 1759 3
415 1736 479 1761 vitae
500 1735 608 1761 veritate.
649 1736 684 1760 Ut
700 1737 763 1761 enim
781 1737 868 1762 Graeci
885 1736 1004 1767 publicam
1023 1738 1129 1765 agebant
1145 1738 1232 1767 vitam,
1255 1740 1339 1761 nostra
1357 1738 1408 1762 vit·
1424 1737 1517 1768 privata
1535 1737 1619 1768 potius
1636 1739 1674 1760 est
1691 1740 1717 1760 et

244 1770 385 1794 umbratica.
421 1770 447 1793 Si
465 1770 538 1799 igitur
557 1777 572 1793 a
589 1770 679 1793 nostris
697 1770 775 1801 poetis
793 1769 882 1794 chorus
899 1770 997 1794 debebit
1015 1770 1166 1795 adhibendus
1184 1770 1267 1799 videri,
1286 1771 1321 1794 itu
1335 1770 1445 1802 eligenda
1462 1770 1580 1795 dramatis
1595 1770 1715 1800 materies,

243 1806 272 1826 ut
288 1803 323 1826 rei
340 1801 445 1827 conditio
463 1803 536 1827 talem
554 1805 640 1827 testem
657 1801 736 1832 ἴθι-3η
761 1803 827 1834 qnod
845 1804 865 1827 si
883 1804 934 1827 fieri
952 1811 999 1827 non
1019 1805 1122 1834 poterit,
1140 1805 1210 1828 simili
1228 1805 1322 1828 ratione
1340 1804 1473 1834 agendum,
1498 1812 1529 1827 ac
1545 1812 1595 1835 qun
1617 1803 1716 1834 egregie

245 1835 363 1860 Goethius
381 1834 558 1867 Schillerusque
575 1843 622 1860 non
640 1844 694 1860 raro
712 1836 808 1861 easdem
827 1837 877 1861 fere
895 1841 976 1868 partes
995 1837 1026 1861 ad
1045 1845 1160 1869 personas
1180 1838 1260 1868 plures
1279 1838 1387 1868 singulas
1405 1838 1548 1862 retulerunt.

203 1876 229 1907 ¹)
248 1877 308 1901 Tale
325 1877 376 1902 sere
388 1878 440 1909 jam
457 1881 509 1901 erat
526 1878 663 1902 Aristotelis
676 1877 809 1909 judicium
828 1878 859 1902 cf.
878 1881 942 1909 poet.
961 1880 992 1903 18
1009 1882 1035 1903 et
1052 1879 1172 1903 Problem.
1190 1883 1253 1904 sext.
1274 1881 1311 1903 19.

201 1916 228 1948 ¹)
245 1919 281 1943 De
298 1917 366 1947 chori
383 1919 469 1951 tragici
487 1922 574 1943 natura
591 1923 616 1944 et
633 1919 727 1950 indole,
744 1920 839 1944 ratione
856 1921 990 1951 argumenti
1009 1920 1099 1946 habita.
1135 1921 1204 1946 Gott.
1224 1923 1296 1946 1734.

202 1958 228 1990 ⁸)
245 1959 339 1985 Chorus
357 1961 505 1985 Graecorum
521 1962 628 1992 tragicus
646 1962 721 1993 qualis
738 1962 812 1986 suerit
829 1965 854 1986 et
871 1969 946 1993 quare
964 1969 1022 1986 usus
1041 1963 1094 1993 ejus
1111 1961 1185 1987 hodie
1202 1963 1310 1987 revocan'
1330 1966 1443 1994 neque-t.
1478 1963 1543 1994 up..
1563 1964 1633 1985 1789.

204 2000 230 2031 ⁴)
248 2001 429 2026 observationis
446 2003 470 2026 in
488 2002 616 2034 Sophoclis
632 2002 798 2028 Philocteta..
832 2003 900 2035 Lips.
919 2005 991 2028 1802.
1017 2011 1041 2034 p.
1062 2005 1095 2027 18
1112 2011 1148 2034 sq.

202 2041 229 2072 ³)
247 2042 291 2073 111,
311 2045 333 2073 l,
353 2046 393 2068 69.
411 2056 441 2061 —-
460 2044 486 2068 ni
502 2045 580 2075 fallor,
599 2045 651 2075 lpse
667 2048 706 2070 est
722 2044 750 2069 C.
768 2045 798 2069 D.
816 2044 928 2069 Boetius.
