1943 2355
984 90 1029 120 37

243 188 385 230 omnibus,
410 187 513 232 quibus
537 192 643 230 potest,
667 187 824 220 rationibus
847 192 934 231 atque
958 186 1196 220 admonitionibus
1209 187 1325 219 animio
1343 197 1478 219 moerore
1502 186 1600 218 studet
1622 185 1777 218 deducere.

243 238 349 268 Postea
371 246 438 267 cum
461 234 498 267 de
523 234 609 267 fratre
633 239 748 267 mortuo
771 235 871 267 aflatus
896 238 941 266 est
963 234 1093 276 nuntius,
1125 233 1347 276 indignationem
1371 233 1466 277 prodit
1489 233 1526 265 de
1551 233 1778 276 Clytemestrae

242 282 387 326 impietate
412 281 566 325 studetque
590 282 703 324 erigere
725 281 859 314 Electrae
892 281 1017 313 animum
1047 285 1077 314 et
1100 279 1368 313 commonitionibus
1393 286 1423 313 et
1444 280 1611 323 Amphiarai
1634 279 1777 323 exemplo.

244 330 318 363 Cum
341 329 395 361 sibi
418 328 470 361 soli
490 329 550 372 jam
574 328 716 371 agendum
740 328 817 361 videt
840 328 902 371 illa,
938 339 1038 360 sorore
1074 328 1180 361 consilii
1216 328 1383 361 societatem
1418 327 1578 380 abnuente,
1614 327 1687 359 tollit
1715 327 1778 370 ejus

243 377 378 420 pietatem
403 375 486 407 simul
509 375 654 407 desertam
678 376 740 417 ejus
765 375 956 407 conditionem
980 386 1105 418 querens
1129 380 1159 406 et
1181 375 1211 406 in
1234 375 1336 407 melius
1360 379 1502 407 mutatum
1527 374 1559 405 iri
1583 384 1711 416 sperans.

336 423 419 460 Quae
443 422 538 453 omnia
561 432 627 453 cum
651 421 784 464 pervariis
808 421 964 453 rationibus
989 432 1052 452 eam
1078 421 1230 453 exhibeant
1254 421 1433 473 sententiam,
1458 420 1553 463 gravia
1573 431 1649 462 esse,
1674 419 1777 471 quibus

243 479 318 501 nunc
342 467 480 500 afficiatur
503 478 625 520 persona
649 479 754 510 agens,
784 468 859 500 mala
883 472 912 499 et
935 467 1115 499 incommoda
1140 478 1172 499 ac
1196 467 1294 499 sentiri
1318 478 1334 499 a
1358 467 1446 499 choro
1473 478 1607 510 quoque,
1637 466 1776 498 amicitiae

242 514 353 547 vinculo
377 526 443 546 curn
472 525 506 546 ea
530 514 681 557 conjuncto
704 531 751 537 --
773 514 812 546 ita
836 525 904 546 sane
928 518 995 546 sunt
1024 514 1160 546 instructa
1191 518 1220 545 et
1249 514 1432 556 interposita,
1462 519 1495 546 ut
1518 524 1592 557 quae
1616 512 1779 556 provocavit

242 561 396 604 spectatori
418 561 480 604 ipsa
503 561 576 593 actio
607 572 707 603 sensa,
744 572 778 593 ea
806 560 983 593 retineantur
1013 565 1042 592 et
1071 560 1160 602 magis
1185 560 1275 592 etiam
1305 565 1496 603 provocentur
1520 571 1568 602 eo,
1604 559 1684 603 quod
1707 558 1777 591 alios

241 607 327 639 simul
351 607 428 639 audit
452 606 554 639 eadem
578 608 622 639 vel
647 612 725 639 certe
749 618 807 638 non
832 606 974 638 dissimilia
997 607 1136 648 profiteri.
1185 608 1269 645 Quae
1294 617 1372 647 sane,
1398 607 1421 638 si
1445 606 1549 638 eodem
1561 617 1677 648 semper
1688 605 1777 637 modo

243 653 439 697 proferrentur
466 653 511 685 vel
542 651 668 696 querelis
697 653 876 685 effundendis
907 653 950 684 vel
973 652 1213 685 consolationibus
1237 652 1405 694 afferendis,
1436 664 1531 696 neque
1562 652 1635 684 adeo
1657 656 1779 695 possent

244 701 387 733 delectare
419 700 579 732 auditorem
610 704 639 732 et
667 711 704 732 ne
734 700 801 732 satis
837 699 953 743 quidem
987 700 1091 731 variata
1126 704 1245 742 possent
1279 699 1409 742 proferri.
1463 700 1529 731 Hoc
1556 711 1594 731 ne
1624 698 1777 740 accideret,

243 747 360 789 egregie
384 751 499 791 cautum
522 746 651 778 videmus
675 757 691 778 a
715 750 800 789 poeta
823 750 853 778 et
877 756 928 788 eo,
961 745 1040 788 quod
1069 745 1156 777 modo
1187 746 1318 788 querelas
1343 746 1379 778 de
1404 746 1536 788 gravibus
1560 745 1777 786 calamitatibus,

243 793 330 825 modo
355 804 453 825 earum
477 792 693 835 descriptiones,
718 791 805 824 modo
829 803 930 835 preces
954 792 991 823 ad
1015 802 1063 824 eas
1088 792 1264 834 avertendas,
1289 792 1376 824 modo
1400 792 1609 825 consolationes
1633 791 1777 823 exbiben-

242 839 293 872 das
321 839 418 871 tribuit
442 839 529 871 choro
554 844 584 871 et
607 838 686 882 quod
708 839 845 871 universis
870 839 931 882 ejus
956 839 1079 870 carmina
1103 838 1249 881 distinguit
1273 839 1420 871 sententiis
1444 851 1480 871 ex
1503 839 1565 882 ipso
1588 849 1687 871 rerum
1701 843 1777 870 statu

243 886 335 918 ductis
359 887 403 918 vel
427 885 559 917 similium
584 886 707 918 satorum
731 886 841 928 profert
864 885 994 927 exempla
1024 886 1181 917 accuratius
1211 886 1348 928 exposita.
1409 887 1493 924 Quae
1523 886 1617 917 omnia
1646 885 1777 916 facillime

244 932 330 964 cuivis
353 932 381 963 in
405 936 532 963 mentem
557 936 690 974 poterant
713 931 809 963 venire
832 931 874 963 rei
899 931 1051 973 spectatori
1074 931 1169 974 itaque
1194 942 1311 974 semper
1334 936 1400 963 sunt
1423 931 1558 973 adhibita,
1582 937 1615 962 ut
1638 936 1669 962 et
1688 941 1776 974 prae-

242 978 317 1011 senti
340 989 438 1010 rerum
462 978 547 1010 statui
572 983 601 1010 et
627 977 704 1010 chori
728 977 869 1020 personis,
893 978 992 1021 quales
1015 977 1162 1020 finguntur
1185 989 1200 1010 a
1224 983 1320 1021 poeta,
1345 978 1467 1011 maxime
1491 978 1668 1010 conveniant.

335 1026 400 1057 Non
425 1025 516 1067 aliter,
541 1024 564 1056 si
588 1025 676 1057 choro
700 1024 810 1057 videtur
833 1025 940 1057 laetum
963 1024 1032 1068 quid
1055 1024 1190 1056 accidisse
1215 1025 1345 1068 personis
1369 1025 1413 1057 vel
1437 1025 1555 1067 civitati,
1580 1024 1626 1057 cui
1648 1025 1710 1068 ipse
1733 1029 1778 1056 est

244 1071 410 1115 adscriptus,
435 1072 509 1104 laeta
533 1072 579 1103 ille
604 1083 687 1104 sensa
710 1082 761 1103 sua
784 1072 865 1103 variis
890 1072 964 1103 solet
987 1071 1079 1103 modis
1103 1071 1240 1114 profiteri.
1287 1073 1330 1104 lta
1354 1072 1517 1114 Antigonae
1540 1071 1659 1115 parodo,
1682 1070 1777 1102 finitos

243 1129 308 1151 esse
332 1118 410 1150 urbis
435 1118 548 1150 labores
572 1123 674 1161 putans
702 1118 852 1161 saluteque
876 1118 937 1160 jam
966 1123 1135 1160 recuperata
1165 1118 1292 1160 gaudens
1322 1119 1457 1150 laetitiam
1489 1130 1570 1150 suam
1599 1118 1779 1161 proloquitur

244 1165 404 1207 gratiasque
433 1165 491 1206 agit
513 1164 576 1196 Diis
606 1164 644 1196 ol)
673 1165 802 1207 repulsas
831 1164 956 1196 hostium
986 1175 1100 1204 manus,
1131 1165 1234 1196 choros
1262 1176 1294 1197 se
1318 1165 1350 1196 iis
1376 1170 1505 1197 acturum
1529 1165 1708 1207 promittens.
1732 1181 1779 1186 —

243 1211 362 1253 Ajacem
386 1221 452 1242 cum
476 1210 511 1242 ad
541 1221 638 1242 sanam
669 1215 797 1242 mentem
826 1210 945 1242 rediisse
975 1214 1056 1252 putet
1088 1210 1191 1242 chorus
1216 1215 1246 1242 et
1269 1222 1285 1242 a
1309 1211 1425 1243 consilio
1452 1211 1553 1243 mortis
1582 1210 1698 1242 sibimet
1725 1210 1779 1252 ipsi

242 1256 407 1289 inserendae
432 1256 585 1298 destitisse,
610 1258 718 1288 Panem
742 1256 876 1298 advocat,
901 1256 949 1299 qui
973 1256 1063 1288 laetos
1088 1256 1141 1288 sibi
1165 1256 1277 1289 ordinet
1301 1257 1413 1289 choros.
1465 1258 1497 1289 ln
1527 1257 1682 1289 Trachiniis
1711 1267 1778 1288 cum

244 1303 357 1336 nuntius
382 1303 482 1335 allatus
508 1304 558 1343 sit,
582 1303 741 1335 rediturum
764 1314 831 1335 mox
855 1303 1028 1342 Herculem,
1059 1302 1095 1335 ad
1118 1303 1253 1345 gaudium
1277 1304 1408 1347 laetaque
1432 1315 1516 1336 sensa
1540 1303 1652 1335 edenda
1676 1314 1777 1335 omnes

243 1354 388 1394 provocat,
413 1360 479 1381 cum
503 1349 631 1382 redditus
656 1349 708 1381 sibi
734 1350 820 1382 heros
843 1349 972 1391 invictus,
997 1349 1042 1381 cui
1066 1349 1182 1392 quidem
1206 1351 1364 1382 sententiae
1387 1351 1477 1393 magis
1501 1351 1633 1382 universe
1650 1350 1777 1393 prolatae

243 1400 353 1439 postea,
379 1407 444 1427 cum
468 1395 576 1428 donum
587 1396 741 1438 Dejanirae
761 1397 787 1427 ei
802 1396 921 1428 missum
946 1400 999 1437 est,
1024 1407 1040 1427 a
1063 1407 1121 1438 quo
1147 1397 1236 1428 fausta
1260 1397 1354 1428 omnia
1378 1402 1525 1440 exspectat
1548 1397 1662 1438 chorus,
1674 1407 1778 1439 preces

243 1442 321 1475 addit
344 1442 381 1474 de
405 1442 479 1474 felici
503 1442 564 1486 ejus
588 1442 682 1474 reditu
705 1453 738 1474 ac
761 1453 834 1474 novo
858 1442 920 1485 ejus
945 1453 1014 1485 erga
1036 1442 1202 1485 Dejaniram
1225 1454 1333 1475 amore.
1363 1461 1410 1466 -
1442 1443 1590 1487 Oedipum
1613 1454 1680 1475 cum
1701 1442 1778 1475 videt

243 1500 334 1532 genus
357 1500 424 1521 mox
447 1494 666 1533 perspecturum
690 1500 755 1521 esse
778 1490 940 1532 laetamque
963 1489 1029 1521 inde
1053 1495 1149 1531 sperat
1172 1501 1269 1522 rerum
1299 1490 1540 1533 immutationem,
1565 1491 1777 1533 Cithaeronem,

242 1535 319 1568 unde
344 1546 411 1567 eum
436 1536 604 1568 Corinthum
629 1535 756 1568 delatum
779 1547 844 1568 esse
868 1535 954 1578 novit,
980 1547 1011 1568 se
1036 1535 1248 1568 celebraturum
1272 1537 1421 1580 promittit,
1446 1537 1567 1570 divinam
1592 1537 1653 1580 ejus
1671 1537 1778 1569 sentire

242 1582 296 1615 sibi
319 1582 394 1614 visus
419 1582 568 1625 originem.
599 1600 647 1606 ——-
682 1583 715 1614 In
744 1583 860 1615 Electra
889 1594 956 1615 cum
985 1582 1146 1625 expositum
1177 1589 1221 1616 est
1250 1584 1477 1627 Clytemnestrae
1507 1584 1663 1626 somnium,
1699 1584 1779 1628 quod

242 1630 376 1661 Electrae
413 1629 503 1661 fausta
538 1629 650 1661 videtur
682 1629 856 1671 significare,
892 1629 980 1661 laetas
1010 1640 1076 1661 suas
1106 1631 1333 1673 exspectationes
1355 1631 1394 1662 ita
1417 1631 1542 1674 profert,
1573 1636 1606 1663 ut
1628 1631 1778 1663 meliorem

243 1675 306 1718 ejus
330 1680 435 1707 statum
459 1675 524 1707 inde
548 1680 679 1707 orturum
703 1680 860 1718 componat
889 1686 954 1707 cum
978 1675 1131 1707 miserabili
1155 1688 1231 1708 nunc
1255 1676 1417 1719 obtinente,
1447 1678 1574 1709 similiter
1597 1688 1631 1709 ac
1654 1677 1683 1709 in
1706 1677 1778 1709 Phi-

243 1722 365 1754 loctetae
389 1722 515 1754 carmine
539 1733 565 1754 v.
580 1724 646 1754 676
668 1733 734 1766 sqq.
760 1722 833 1754 laeta
855 1722 1032 1754 Philoctetae
1056 1723 1190 1766 conditio,
1214 1735 1300 1766 quam
1320 1724 1380 1767 jam
1404 1724 1458 1756 sibi
1480 1723 1593 1756 videtur
1616 1724 1779 1768 perspicere

243 1779 311 1800 mox
334 1768 372 1800 illi
396 1773 579 1812 eventuram,
608 1769 698 1811 magis
728 1769 815 1801 etiam
846 1768 964 1801 effertur
991 1775 1154 1813 comparata
1184 1770 1246 1813 ejus
1276 1770 1439 1803 conditione
1462 1771 1567 1803 misera
1591 1778 1621 1803 et
1643 1776 1727 1803 antea
1750 1776 1781 1803 et

242 1825 317 1847 nunc
341 1815 499 1847 obtinente.

335 1859 417 1894 Haec
441 1861 564 1894 carmina
586 1862 736 1894 maximam
760 1867 872 1905 partem
895 1862 933 1894 ita
957 1867 1023 1895 sunt
1046 1868 1218 1906 comparata,
1243 1869 1276 1896 ut
1298 1868 1443 1906 spectator
1465 1865 1530 1907 plus
1565 1864 1661 1896 videns
1691 1876 1780 1907 quam

243 1907 364 1949 chorus,
399 1912 448 1939 aut
470 1919 587 1951 prorsus
612 1908 759 1940 dissentiat
782 1913 832 1940 aut
855 1913 933 1941 certe
956 1909 995 1940 ita
1019 1909 1072 1940 sibi
1097 1909 1133 1941 ab
1158 1910 1219 1952 ejus
1244 1911 1385 1942 sententia
1407 1910 1603 1943 recedendum
1626 1915 1724 1953 putet,
1747 1916 1780 1942 ut

225 1958 425 1997 praemature
450 1954 623 1997 gaudentem
647 1966 715 1987 eum
744 1954 890 1997 intelligat.
950 1955 1040 1994 Quod
1074 1960 1186 1999 autem,
1223 1967 1298 2000 quae
1327 1957 1408 1989 laetis
1437 1958 1528 1990 sensis
1560 1957 1676 2000 explent
1703 1957 1778 2000 ipsas

245 1999 356 2033 fabulae
380 2011 534 2045 personas,
571 2013 605 2035 ex
635 2001 668 2035 iis
699 2001 752 2035 sibi
775 2013 892 2046 quoque
915 2002 990 2035 laeta
1013 2002 1119 2047 colligit
1141 2014 1234 2048 eaque
1258 2003 1426 2048 profitetur,
1456 2015 1493 2038 eo
1516 2004 1652 2048 adaugeri
1674 2004 1777 2037 iterum
