1943 2355
905 120 950 153 25

161 231 224 259 tum
246 232 334 267 opem
356 223 539 265 praesentem
562 222 694 263 apertum
716 223 777 261 est,
800 219 856 251 hoc
878 214 973 262 ipsum
998 214 1096 250 renim
1121 218 1219 261 statui,
1249 219 1339 262 qualis
1363 218 1451 251 modo
1475 223 1521 251 est
1543 220 1699 263 expositus,

161 270 317 304 admodum
340 267 500 300 convenire.
535 264 592 303 ,Et
620 266 698 297 enim
726 266 822 297 multis
851 265 1084 308 gravissimisque
1114 265 1250 296 molestiis
1279 265 1460 308 miseriisque
1488 276 1521 297 se
1550 266 1642 308 premi
1670 266 1699 298 in

161 314 396 350 antecedentibus
425 316 544 356 questus
575 315 637 343 erat
661 310 800 355 Oedipus
820 315 850 343 et
878 321 954 343 nune
982 311 1078 354 ipsum
1102 311 1217 356 Theseo
1241 311 1448 353 significaverat
1471 322 1503 344 se
1526 315 1658 344 metuere
1682 321 1699 344 a

162 364 287 397 Creonte
311 369 461 394 accessura
485 370 517 391 se
541 358 695 391 abductum
720 358 763 390 iri.
810 358 858 391 Ad
880 361 1039 401 utrumque
1074 362 1170 390 autem
1199 358 1243 390 vel
1273 358 1438 391 leniendum
1467 359 1511 391 vel
1539 359 1698 391 tollendum

162 410 322 453 aptissimus
345 407 393 437 ille
417 410 526 438 cantus.
550 423 597 428 —
621 405 680 437 Sed
703 405 773 448 quid
795 415 941 436 moramur
964 405 994 436 in
1018 405 1061 435 iis>
1076 403 1318 446 demonstrandis,
1342 405 1379 436 de
1403 405 1508 448 quibus
1530 415 1618 437 nemo
1638 406 1699 447 jam

162 461 217 499 est,
241 454 289 499 qui
313 452 433 485 dubitet.
481 452 578 485 Unum
601 456 655 494 est,
680 450 759 495 quod
781 451 871 494 magis
896 451 951 484 erit
975 450 1186 494 exponendum.
1235 452 1306 484 Fert
1329 451 1462 484 nimirum
1485 451 1546 495 ipsa
1564 452 1606 484 rei
1626 452 1699 484 ratio

163 503 301 544 facileque
325 499 516 542 intelligimus,
540 499 631 531 multo
654 499 744 541 magis
767 498 806 531 ita
829 498 866 531 de
890 498 995 531 ceteris
1020 497 1151 530 omnibus
1176 499 1254 530 chori
1273 498 1402 531 cantibus
1419 499 1605 531 stamendum
1622 510 1699 541 esse,

162 558 248 593 quam
277 547 314 578 de
343 546 441 588 primis
465 545 627 588 quibusque
651 545 825 587 singularum
850 545 1012 576 fabularum
1035 544 1206 575 carminibus
1230 544 1363 585 choi-icis,
1394 555 1460 576 cum
1482 550 1552 577 tunc
1575 545 1700 588 primum

162 592 301 628 accedens
326 592 430 624 chorus
454 591 490 624 de
513 591 557 634 iis,
581 602 655 635 quae
675 591 736 634 jam
759 591 912 635 spectatori
938 590 1063 623 exhibita
1086 590 1122 622 ad
1145 601 1208 623 rem
1232 591 1429 634 exponendam
1452 591 1548 636 itaque
1571 601 1699 635 praepa-

161 640 280 673 randam
303 639 444 680 fabulam,
475 639 579 673 certior
607 649 665 670 non
695 638 784 670 sactus
812 649 847 670 ea
869 637 1071 670 tantummodo
1094 638 1185 679 possit
1208 638 1353 680 proloqui,
1381 649 1455 680 quae
1479 650 1496 670 e
1519 639 1607 671 rebus
1631 643 1699 671 ante

163 686 288 718 subulam
319 685 387 716 actis
416 685 527 727 ipsique
556 684 630 715 notis
660 684 775 726 collegit
805 684 890 716 animi
918 694 1012 715 sensa.
1063 683 1146 714 Haec
1171 683 1210 714 ita
1239 684 1361 715 maxime
1386 684 1487 715 faciant
1509 695 1629 716 necesse
1654 689 1700 716 est

162 732 199 765 ad
227 731 270 764 rei
299 730 519 773 expositionem,
555 740 629 773 quae
659 729 750 772 prima
780 729 892 761 fabulae
916 734 998 772 parte
1022 729 1175 771 spectatori
1198 729 1358 762 exhibenda
1381 734 1441 770 est,
1476 730 1645 773 explendam
1669 735 1700 763 et

163 776 370 811 conficiendam
393 776 637 819 quoddammodo,
662 786 729 808 cum
753 776 910 817 sententiis,
936 786 1010 818 quae
1035 775 1071 806 ab
1095 775 1163 818 ipsis
1187 775 1299 808 fabulae
1323 776 1452 819 personis
1473 777 1531 819 jam
1556 777 1698 809 exhibitae

163 829 242 866 sunt,
273 823 351 855 chori
375 823 403 854 h.
430 834 456 855 e.
481 822 629 854 hominum
653 832 670 854 e
695 822 779 864 vulgo
803 831 1024 865 progressorum
1048 820 1188 854 addantur
1208 822 1313 865 judicia
1337 833 1370 854 ac
1394 833 1486 854 sensa.
1534 823 1698 855 Consenta-

162 882 249 904 neum
280 875 325 902 est
352 870 457 902 haecce
485 869 521 902 ab
549 869 601 901 illis
631 880 820 912 personarum
844 869 991 902 sententiis
1015 868 1103 900 modo
1127 870 1234 911 minus,
1264 869 1351 901 modo
1375 869 1465 912 magis
1489 869 1598 902 diversa
1622 881 1697 902 esse.

162 917 318 950 Videamus
343 917 483 958 exempla.
531 917 564 947 ln
594 916 709 958 Oedipo
738 917 821 957 Rege
853 927 919 947 cum
948 916 1097 947 universus
1127 916 1174 947 ille
1202 927 1302 947 sensus
1331 916 1508 948 tristissimus
1537 916 1575 948 de
1604 921 1699 948 terrae

162 963 276 995 miseria
306 973 339 994 ac
367 962 493 993 cladibus
524 962 612 993 choro
642 972 708 993 cum
738 961 868 1003 personis
899 961 1050 1003 agentibus
1080 961 1115 992 sit
1147 962 1321 1002 communis,
1356 962 1403 993 ille
1431 966 1529 993 tamen
1553 962 1590 994 ad
1613 962 1699 994 cladis

163 1020 279 1042 causam
309 1019 366 1040 non
394 1008 525 1051 respicit,
557 1018 644 1051 quam
673 1018 731 1039 non
754 1007 859 1050 magis,
891 1019 976 1050 quam
1001 1007 1108 1039 oraculi
1131 1008 1317 1050 sententiam,
1342 1008 1433 1050 novit,
1466 1008 1518 1040 sed
1542 1008 1569 1040 in
1593 1009 1699 1040 misero

162 1061 257 1088 terrae
282 1059 358 1086 statu
381 1054 570 1086 describendo
595 1059 671 1086 totus
696 1059 845 1095 versatur3
881 1054 930 1098 qui
953 1065 1040 1097 quam
1064 1054 1154 1096 gravis
1178 1059 1284 1086 terram
1307 1059 1420 1097 premat
1443 1055 1552 1098 optime
1575 1054 1700 1087 ostendit

163 1101 312 1143 omnibus,
345 1106 488 1144 quotquot
519 1101 626 1143 patriae
656 1101 780 1142 faveant,
807 1101 871 1133 Diis
901 1100 937 1132 ad
966 1100 1099 1132 auxilium
1129 1100 1307 1132 advocandis.
1358 1101 1573 1133 Trachiniarum
1595 1102 1700 1133 chorus

163 1148 271 1192 parodo
296 1152 326 1179 et
349 1147 524 1179 desiderium
548 1147 680 1178 Herculis
705 1157 789 1178 suum
812 1158 845 1178 ac
868 1147 1022 1188 Dejanirae
1046 1146 1145 1188 effert,
1170 1151 1200 1178 et
1223 1147 1326 1178 laetam
1351 1158 1432 1178 suam
1458 1157 1539 1190 spem
1563 1158 1596 1179 ac
1619 1148 1699 1179 fidu-

165 1195 247 1236 ciam,
272 1205 329 1226 non
353 1193 425 1236 sore,
450 1198 482 1226 ut
505 1194 658 1235 Hercules,
682 1193 844 1225 mortalium
868 1193 1053 1234 fortissimus,
1078 1204 1094 1224 a
1117 1198 1197 1236 patre
1222 1194 1293 1225 Jove
1317 1193 1547 1237 derelinquatur,
1572 1194 1700 1237 quamvis

164 1241 213 1274 diu
233 1241 293 1283 jam
317 1240 400 1282 absit,
425 1240 521 1283 itaque
544 1240 668 1272 universi
691 1240 789 1283 populi
812 1240 1043 1282 exspectationes
1065 1244 1183 1282 et'spes
1209 1240 1338 1282 exponit,
1362 1251 1438 1283 quae
1461 1251 1519 1272 non
1543 1241 1700 1273 admodum

164 1286 304 1319 recedunt
334 1286 370 1319 ab
398 1286 448 1329 iis,
478 1297 552 1330 quae
572 1287 633 1329 jam
657 1286 833 1329 expositione
858 1285 995 1327 exhibita,
1025 1290 1122 1318 tamen
1145 1296 1241 1329 neque
1266 1287 1370 1318 oraculi
1393 1297 1490 1330 neque
1513 1287 1603 1319 nuntii
1626 1287 1700 1319 illius

164 1333 200 1367 ab
224 1334 310 1377 Hyllo
335 1333 408 1366 allati
432 1333 540 1366 habent
562 1333 711 1366 rationem.
754 1333 889 1366 Similiter
910 1333 1005 1376 Ajacis
1029 1332 1153 1376 parodus
1178 1344 1262 1366 sensa
1285 1333 1411 1366 continet
1435 1338 1464 1366 et
1487 1334 1610 1377 cogitata
1633 1345 1700 1367 cum

164 1381 207 1423 iis,
232 1391 306 1423 quae
331 1386 396 1412 ante
421 1381 500 1412 chori
524 1381 718 1412 accessionem
741 1381 769 1411 in
793 1391 879 1412 scena
902 1385 965 1412 acta
987 1385 1068 1421 sunt,
1098 1380 1136 1412 ita
1161 1381 1357 1422 cohaerentia,
1381 1385 1414 1412 ut
1437 1392 1512 1423 quae
1535 1392 1602 1412 vere
1626 1392 1699 1424 per-

165 1427 267 1459 secisse
296 1426 416 1468 Ajacem
442 1438 477 1458 ex
504 1427 613 1470 Ulyssis
642 1426 845 1469 Minervaeque
875 1426 1016 1468 colloquio
1042 1426 1102 1468 jam
1132 1426 1277 1469 perspexit
1307 1431 1468 1469 spectator,
1504 1438 1539 1458 ea
1567 1432 1701 1459 vereatur

164 1473 268 1505 chorus
293 1484 330 1505 ne
354 1472 389 1505 ab
414 1484 450 1505 eo
474 1477 637 1516 perpetrata
661 1472 737 1514 sint;
765 1472 802 1504 ita
827 1477 923 1504 autem
947 1472 1120 1514 efferuntur,
1144 1477 1177 1504 ut
1200 1484 1266 1517 cum
1291 1472 1489 1505 antecedentia
1511 1474 1699 1506 insanientem

164 1519 342 1551 ostenderint
372 1524 459 1562 atque
488 1520 625 1552 humilem
653 1519 867 1562 quodammodo
890 1519 981 1551 virum
1004 1519 1203 1560 fortissimum,
1235 1524 1341 1562 quanta
1364 1520 1401 1552 sit
1423 1520 1487 1563 ejus
1510 1520 1647 1552 fortitudo
1670 1525 1701 1553 et

164 1565 327 1608 auctoritas,
352 1570 548 1609 quantumque
571 1566 694 1598 maxime
717 1565 779 1608 ipse
802 1566 831 1597 in
855 1565 901 1597 illo
924 1565 1049 1608 reperiat
1071 1565 1213 1608 praesidii,
1238 1566 1342 1598 chorus
1367 1571 1500 1609 exponat.
1518 1574 1573 1589 '—
1607 1567 1701 1599 Multo

163 1612 276 1655 longius
304 1623 321 1644 a
351 1612 498 1644 sententiis
529 1612 564 1644 ab
594 1612 739 1654 Antigone
767 1622 800 1644 ac
830 1622 929 1644 sorore
961 1612 1043 1644 editis
1073 1612 1193 1644 discedit
1223 1613 1363 1644 sententia
1387 1613 1563 1655 cognominis
1587 1613 1702 1646 fabulae

164 1658 273 1701 parodo
298 1659 385 1700 elata,
410 1669 484 1701 quae
514 1659 605 1690 laetos
635 1658 714 1689 chori
737 1659 766 1689 h.
785 1669 811 1690 e.
830 1658 927 1700 populi
950 1669 1051 1690 sensus
1075 1658 1112 1690 de
1135 1659 1250 1690 victoria
1273 1659 1361 1690 modo
1386 1670 1401 1691 a
1426 1659 1569 1690 Thebanis
1592 1670 1700 1702 repor-

163 1709 222 1736 tata
250 1703 366 1736 exhibet
394 1715 460 1736 cum
489 1704 576 1747 ipsius
603 1704 736 1736 victoriae
768 1703 969 1747 descriptione.
1017 1704 1077 1736 Sed
1099 1705 1226 1747 quamvis
1250 1705 1322 1736 haec
1345 1704 1463 1737 recedat
1486 1704 1522 1737 ab
1546 1705 1596 1747 iis,
1627 1716 1701 1749 quae

164 1750 309 1793 Antigone
334 1761 350 1783 e
375 1750 493 1783 fratrum
518 1750 605 1783 caede
630 1755 728 1783 mutua
750 1750 939 1794 Creontisque
963 1750 1057 1783 edicto
1081 1756 1253 1794 conceperat
1276 1762 1370 1793 sensa,
1395 1756 1493 1784 nostro
1517 1757 1614 1784 tamen
1634 1752 1701 1795 jure

164 1796 368 1840 obtinebimus,
393 1808 457 1829 eam
481 1809 545 1830 cum
570 1808 668 1834 rerum
692 1802 767 1830 statu
790 1802 858 1830 tunc
881 1797 1039 1839 obtinente,
1065 1809 1152 1841 quem
1177 1798 1301 1830 eundem
1325 1798 1488 1841 Antigonae
1512 1810 1578 1831 cum
1601 1810 1702 1831 sorore

102 1865 106 1870 ,
165 1844 340 1887 colloquium
371 1843 551 1886 ostenderat,
582 1844 739 1876 arctissime
769 1854 833 1876 esse
861 1844 1051 1886 conjunctam.
1102 1844 1159 1876 Ubi
1188 1855 1256 1876 vero
1286 1844 1390 1876 chorus
1418 1845 1543 1888 primum
1566 1845 1702 1888 prodiens

166 1890 340 1934 colloquium
368 1890 486 1923 instituit
515 1901 581 1923 cum
610 1901 734 1934 persona
757 1890 850 1934 aliqua
873 1895 993 1933 agente,
1025 1896 1058 1923 ut
1081 1891 1143 1923 fieri
1166 1891 1296 1923 videmus
1320 1891 1348 1923 in
1372 1891 1503 1935 Electra,
1531 1892 1701 1935 Philoctete,

167 1936 281 1979 Oedipo
307 1938 446 1980 Coloneo,
470 1938 535 1970 talia
558 1949 616 1970 non
640 1943 698 1970 tam
721 1937 819 1981 ipsius‘
832 1938 911 1970 chori
934 1937 1028 1970 verbis
1052 1938 1219 1979 efferuntur,
1246 1938 1298 1970 sed
1318 1939 1412 1982 potius
1430 1939 1541 1971 illarum
1554 1939 1701 1982 responsis

167 1982 204 2015 ad
234 1983 296 2025 ejus
326 1984 579 2027 interrogationes,
617 1983 840 2027 admonitiones,
875 1985 1105 2026 consolationes3
1141 1985 1220 2027 quod
1250 1990 1347 2016 autem
1371 1985 1517 2028 Oedipum
1541 1985 1702 2018 Coloneum

167 2028 282 2072 attinet,
319 2034 349 2062 et
384 2030 524 2075 diloquia,
561 2041 636 2075 quae
664 2030 804 2075 parodum
833 2030 1006 2063 antecedunt
1037 2036 1067 2063 et
1095 2031 1309 2076 quodammodo
1338 2032 1398 2075 ipsa
1426 2042 1542 2076 quoque
1565 2032 1700 2076 parodus,

1341 2089 1362 2119 4
