1943 2355
945 90 990 121 24

203 193 252 236 qui
275 201 341 222 cum
366 189 481 222 omnino
506 187 657 230 spectatori
681 186 766 217 alium
790 186 934 228 longeque
958 186 1088 218 altiorem
1112 187 1208 218 locum
1230 187 1416 219 tribuendum
1430 187 1547 229 videret,
1572 200 1659 232 quam
1677 200 1735 233 quo

204 239 373 281 plerumque
404 246 470 267 eum
499 233 622 276 positum
648 231 859 274 judicaverant,
890 242 946 263 non
977 243 1042 264 cum
1067 232 1155 264 choro
1180 243 1248 264 eum
1268 232 1396 275 judicare
1421 234 1536 276 egregie
1559 235 1685 268 ostendit
1706 236 1735 268 in

203 283 382 316 enarratione
413 281 570 312 fabularum
600 278 841 320 Sophoclearum,
872 288 946 320 quae
976 278 1080 319 legitur
1108 278 1135 309 in
1164 278 1226 319 ejus
1250 278 1375 310 Ariadne
1386 277 1437 322 1);
1467 284 1614 323 praeterea
1638 286 1735 314 autem

201 329 279 362 utilia
302 327 436 360 nonnulla
460 325 577 358 contulit
600 324 636 356 de
660 323 738 364 lociS,
764 322 867 366 quibus
892 323 1018 355 interseri
1041 324 1152 356 soleant
1175 324 1254 356 chori
1278 325 1411 357 carmina.

295 375 385 407 Hisce
408 373 492 415 igitur
515 371 684 414 adjumentis
708 370 745 402 ad
769 369 985 413 perspicendam
1010 381 1074 402 eam
1098 371 1239 403 rationem
1262 383 1342 413 usus,
1366 383 1423 415 qua
1441 373 1598 415 Sophocles
1616 374 1735 406 chorum

202 422 331 454 adhibuit
353 420 389 452 ad
413 418 551 450 ornandas
576 417 684 449 fabulas
708 427 784 457 suas,
809 416 978 459 opusculum
1002 417 1092 448 hocce
1116 427 1214 448 meum
1238 417 1357 460 confeci,
1382 418 1461 462 quod
1485 430 1542 451 non
1567 420 1735 463 possumin

202 469 297 501 lucem
321 466 468 507 emittere,
495 464 563 508 quin
588 464 709 496 lectores
735 463 837 495 iterum
861 463 1024 506 iterumque
1047 474 1165 506 rogem,
1195 468 1227 495 ut
1250 463 1381 497 benevoli
1406 465 1579 509 humanique
1599 466 1735 510 judicium

204 516 295 548 ferant
318 514 355 545 de
378 517 482 544 conatu
501 511 627 553 juvenili.
651 529 697 532 —
721 511 846 542 Externa
871 509 949 541 chori
973 510 1046 541 ratio
1070 511 1160 552 qualis
1185 510 1279 551 suerit,
1304 522 1370 542 cum
1394 522 1430 543 eo
1454 513 1516 543 solo
1539 513 1595 545 huc
1609 513 1736 545 videatur

201 561 354 604 pertinere,
379 558 457 601 quod
482 562 511 588 et
535 556 660 588 musicae
685 560 714 587 et
738 555 892 587 saltationis
917 566 972 598 ope
998 556 1137 598 majorem
1161 556 1188 587 in
1213 556 1382 599 spectatoris
1405 557 1530 590 animum
1552 558 1611 591 vvim
1628 564 1735 602 potue-

201 611 267 639 runt
296 615 431 638 exercere
462 603 586 636 carmina
616 603 661 634 illa
691 603 754 645 plus
783 613 838 634 una
862 602 972 634 ratione
997 613 1064 635 eum
1088 602 1237 635 afficientia
1263 601 1362 647 (quod
1385 605 1476 637 semel
1499 605 1645 638 monuisse
1670 606 1736 639 satis

202 651 259 693 est)
292 652 435 694 inquirere
467 661 542 682 nunc
572 650 657 681 nolui.
706 651 809 692 Neque
833 650 896 691 plus
920 649 957 680 illi
981 649 1139 691 quaestioni
1164 650 1259 691 putavi
1283 650 1467 681 tribuendum
1492 661 1572 692 esse,
1602 662 1676 694 quae
1700 652 1736 683 de

201 698 281 730 variis
307 697 384 729 chori
409 696 565 728 carminum
589 695 743 737 generibus
767 695 811 726 vel
836 695 930 737 potius
954 694 1115 726 nominibus
1140 695 1232 738 potuit
1255 695 1376 736 institui,
1402 706 1467 727 cum
1490 695 1518 728 in
1542 697 1697 729 sententias
1720 709 1736 729 a

201 745 289 777 choro
313 743 453 786 prolatas,
484 753 540 773 non
571 741 598 772 in
628 741 742 773 nomina
766 741 967 784 inquirendum
990 741 1150 783 videretur,
1181 753 1255 784 quae
1279 741 1315 773 ad
1339 746 1488 774 externum
1512 743 1634 775 maxime
1659 744 1736 775 chori

200 791 328 823 habitum
353 789 508 832 spectantia
532 788 737 819 sententiarum
762 788 824 830 ejus
849 787 922 819 varia
948 798 1053 829 genera
1078 799 1135 819 non
1160 787 1333 819 discernunt.

201 925 222 954 1.
271 922 522 954 DISPUTATUR
552 920 716 952 CONTRA
739 920 1048 952 NONNULLORUM
1072 920 1344 970 SENTENTIAM,
1369 921 1505 952 EXTRA
1528 921 1736 953 ACTIONEM

521 975 600 1005 VEL
632 975 758 1005 SUPER
788 973 878 1004 lLLA
908 974 1085 1005 POSITUM
1113 975 1211 1005 ESSE
1243 974 1423 1006 CHORUM.

294 1060 324 1092 Si
348 1059 515 1102 respicimus
541 1058 576 1090 ad
601 1058 724 1101 singulas
749 1058 897 1101 Sophoclis
923 1058 1031 1090 fabulas
1052 1058 1219 1102 singulaque
1238 1069 1337 1091 earum
1358 1059 1435 1091 chori
1453 1059 1584 1101 carmina,
1609 1059 1736 1091 omnium

200 1112 245 1139 est
277 1106 503 1149 apertissimum,
540 1116 597 1136 non
626 1110 769 1137 remotum
799 1115 863 1136 esse
892 1104 928 1136 ab
959 1105 1018 1147 ipsa
1050 1105 1161 1136 actione
1191 1105 1326 1146 chorum,
1362 1117 1457 1149 neque
1490 1106 1531 1137 vel
1563 1110 1642 1137 extra
1672 1117 1736 1138 eam

202 1153 322 1193 versari,
347 1157 379 1183 ut
404 1152 516 1194 saepius
541 1151 647 1182 sactum
670 1151 797 1181 videmus
821 1151 897 1194 apud
920 1150 1104 1194 Euripidem,
1129 1151 1189 1193 vel,
1215 1150 1294 1195 quod
1317 1156 1478 1184 statuerunt
1500 1151 1626 1184 nonnulli
1640 1148 1674 1196 ²)
1699 1151 1736 1184 de

200 1199 334 1232 universo
355 1199 482 1231 Graecae
507 1197 671 1240 tragoediae
696 1198 793 1237 choro,
818 1208 905 1239 super
928 1197 1038 1229 actione
1062 1198 1187 1240 positum
1207 1209 1282 1240 esse,
1307 1198 1358 1230 sed
1377 1198 1404 1230 in
1422 1198 1482 1241 ipsa
1500 1209 1614 1241 semper
1632 1198 1736 1230 versari

203 1246 355 1289 omniaque
381 1256 456 1288 quae
481 1244 547 1276 edat
571 1255 655 1276 sensa
680 1255 744 1284 sua,
775 1255 791 1275 e
818 1244 905 1275 rebus
931 1244 1017 1275 modo
1041 1244 1128 1286 gestis
1152 1244 1196 1276 vel
1221 1244 1480 1287 exspectationibus
1504 1244 1569 1276 inde
1593 1245 1737 1288 conceptis

202 1293 347 1335 colligere.
396 1290 485 1330 Quod
516 1301 582 1322 cum
611 1290 780 1333 plerumque
810 1290 882 1322 adeo
909 1295 1040 1334 apertum
1070 1290 1120 1333 sit,
1156 1296 1189 1323 ut
1220 1290 1342 1332 nemini,
1379 1291 1427 1335 qui
1458 1290 1494 1323 ad
1522 1290 1590 1323 illud
1613 1291 1737 1324 animum

202 1339 344 1381 advertat,
376 1338 459 1371 liceat
489 1337 635 1379 dubitare,
666 1348 755 1381 pauca
779 1342 844 1370 sunt
867 1337 945 1369 chori
969 1337 1106 1379 carmina,
1136 1349 1210 1381 quae
1235 1338 1279 1370 vel
1302 1337 1368 1370 ideo
1392 1338 1514 1370 maxime
1539 1349 1604 1371 cum
1627 1338 1737 1371 actione

202 1396 449 1429 personarumque
481 1385 543 1416 satis
571 1384 663 1416 minus
693 1384 824 1415 videntur
852 1385 1001 1427 conjuncta
1031 1395 1095 1416 esse
1120 1385 1156 1426 ‘e't
1187 1396 1220 1416 ex
1250 1385 1283 1416 iis
1307 1384 1407 1423 ducta,
1443 1385 1508 1427 quia
1539 1395 1596 1416 non
1626 1385 1737 1417 disertis

201 1432 295 1464 verbis
326 1432 458 1472 effertur,
490 1431 574 1473 quale
605 1430 640 1461 sit
669 1430 738 1461 illud
761 1431 911 1462 vinculum.
959 1431 1001 1462 Ita
1024 1430 1168 1462 interdum
1192 1430 1325 1462 similium
1349 1441 1467 1462 casuum
1491 1430 1620 1474 exempla
1643 1431 1737 1463 inter-

200 1479 309 1522 posita,
342 1477 566 1510 consolationem
594 1477 764 1520 plerumque
796 1476 988 1517 afferentium,
1025 1488 1115 1520 quae,
1151 1487 1217 1509 cum
1246 1488 1305 1510 non
1337 1484 1430 1521 aeque
1462 1477 1555 1520 vigeat
1583 1477 1611 1509 in
1633 1478 1737 1522 nostris

200 1525 300 1558 animis
325 1524 460 1557 historiae
484 1523 618 1556 fabularis
642 1523 795 1557 memoria,
821 1535 853 1555 ac
877 1523 951 1566 apud
977 1524 1103 1555 Graecos
1128 1524 1282 1565 auditores,
1307 1525 1423 1567 paulum
1446 1523 1585 1555 recedere
1608 1524 1739 1556 videntur

201 1571 236 1604 ab
261 1572 384 1611 actione,
408 1582 441 1602 re
466 1575 562 1602 autem
586 1570 743 1602 accuratius
769 1569 943 1602 considerata
968 1581 1024 1601 non
1044 1581 1110 1602 vere
1128 1570 1277 1602 recedunt.
1313 1570 1437 1602 Maxime
1453 1574 1549 1602 autem
1567 1569 1604 1602 ita
1617 1570 1738 1612 judicari

200 1618 290 1661 possit
314 1618 351 1650 de
375 1618 481 1661 hymno
505 1617 566 1657 illo,
599 1627 657 1659 quo
684 1616 712 1648 in
741 1616 855 1659 Oedipo
884 1617 1012 1648 Coloneo
1042 1617 1121 1648 chori
1150 1626 1234 1649 senes
1263 1617 1364 1649 Coloni
1391 1616 1597 1659 universaeque
1625 1616 1738 1648 Atticae

199 1664 299 1696 laudes
324 1664 458 1696 efferunt.
508 1663 566 1701 Qui
591 1674 656 1693 cum
680 1663 802 1693 maxime
827 1662 953 1694 videatur
980 1663 1155 1705 compositus
1180 1673 1244 1695 esse
1269 1663 1305 1694 ad
1329 1662 1505 1694 efferendam
1529 1666 1559 1693 et
1581 1666 1684 1704 poetae
1709 1666 1738 1693 et

199 1714 393 1753 spectatorum
425 1709 543 1753 patriam
576 1708 753 1752 egregieque
786 1708 851 1740 huic
881 1709 923 1740 rei
952 1708 1100 1750 inserviat,
1130 1713 1189 1741 tam
1213 1709 1415 1741 amoenitatem
1439 1707 1737 1752 pulchritudinemque

198 1761 293 1790 terrae
324 1755 463 1798 efferens,
501 1766 587 1799 quam
617 1754 748 1787 bellicam
779 1755 841 1798 ejus
871 1754 984 1787 laudem
1013 1756 1204 1800 Deorumque
1233 1756 1397 1788 tutelarium
1427 1766 1496 1787 cum-
1520 1754 1737 1797 benignitatem,

226 1866 250 1895 ¹)
268 1866 413 1896 Impugnata
430 1869 467 1889 est
484 1866 538 1896 ipso
556 1863 603 1889 hoc
620 1873 684 1889 anno
702 1865 740 1888 illa
758 1865 802 1889 viri
820 1864 884 1889 docti
902 1866 1022 1889 sententia
1040 1873 1054 1889 a
1073 1864 1220 1890 Schreitero.
1250 1866 1327 1897 Cujus
1345 1866 1436 1890 libellus
1454 1872 1510 1889 cum
1527 1868 1582 1896 post
1600 1865 1736 1896 conscripta

265 1897 335 1957 hadecb
344 1898 402 1957 mihi
420 1899 557 1956 afferretgr,
575 1899 598 1922 in
617 1899 670 1929 ipso
688 1899 803 1929 opusculo
822 1898 853 1922 ad
871 1898 935 1924 illum
952 1900 1073 1932 respicere
1091 1906 1139 1924 non
1157 1900 1240 1931 potui3
1258 1899 1282 1924 in
1301 1900 1348 1924 fine
1365 1902 1445 1924 tamen
1463 1897 1553 1929 addidi,
1570 1906 1631 1930 quae
1641 1897 1671 1923 ad
1681 1906 1736 1936 eum

266 1940 287 1957 vi
306 1941 319 1957 e
337 1940 367 1957 an
381 1940 409 1956 ur
430 1939 516 1957 monen
536 1940 550 1956 a
567 1940 627 1957 esse.

222 1974 248 2004 ¹)
266 1975 304 1998 Cf.
321 1982 342 1998 e.
360 1982 384 2005 g.
402 1981 465 2005 quae
482 1973 612 2004 disputavit
629 1974 750 1998 Wellauer
766 1974 790 1997 in
814 1974 913 2000 ,Er-ach
931 1974 982 1998 und
1001 1974 1117 1998 Gruber’e
1132 1974 1279 2005 augo-wine
1296 1973 1489 2006 Enoyelopaidr'e‘
1506 1982 1526 1997 ι.
1544 1981 1566 1998 v.
1585 1973 1649 1997 caeor
1665 1972 1736 2001 XXI,

264 2016 287 2039 p.
299 2009 377 2031 1926:
397 2008 429 2030 So
447 2014 499 2030 war
516 2007 559 2030 der·
573 2007 645 2034 Cher,
662 2007 804 2031 ausser-halb
822 2007 879 2030 oder
895 2007 954 2031 tiber
970 2007 1014 2031 der
1031 2008 1081 2037 αηΐ
1090 2007 1133 2031 der
1147 2007 1233 2032 Bane
1242 2007 1421 2039 dargmellten
1434 2007 1572 2038 Hanfflung
1581 2005 1682 2030 stelae-d
1691 2008 1736 2029 ete.
