1943 2355
1003 100 1048 131 39

253 200 407 233 reducatur
435 197 647 243 quodammodo
676 198 713 231 ad
741 194 844 241 partes]
868 196 979 229 fabulae
1009 195 1098 229 modo
1122 206 1184 239 Jam
1214 201 1307 239 actas,
1345 208 1403 241 quo
1431 197 1485 230 sibi
1508 198 1644 241 explicet,
1680 199 1729 242 qui
1753 199 1789 231 ad

253 246 318 279 talia
341 257 424 278 sensa
447 246 627 288 pervenerint
650 245 729 277 chori
752 254 892 288 personae
916 243 1034 276 actionis
1059 247 1158 275 testes.

344 294 377 325 In
399 293 477 325 hisce
501 292 632 325 omnibus
655 296 688 324 ut
711 291 838 324 videmus
861 291 1010 323 hominum
1034 300 1051 321 e
1074 290 1159 333 vulgo
1183 289 1380 322 accedentium
1403 301 1530 335 vereque
1560 291 1685 324 humana
1715 302 1787 324 sen-

252 340 382 373 tientium
405 343 500 383 partes
524 340 569 383 agi
592 351 608 372 a
632 339 720 372 choro
743 338 870 372 tristibus
894 337 1013 380 afflicto,
1038 337 1118 369 laetis
1142 336 1295 379 gaudente,
1320 339 1548 380 exspectationes
1573 338 1726 382 profitente
1750 350 1786 372 ex

251 398 348 419 rerum
371 386 532 419 conditione
552 387 612 429 jam
640 385 786 418 obtinente
811 386 942 418 collectas
965 401 1011 407 —
1035 385 1073 416 ita
1096 388 1193 416 tamen
1217 384 1277 425 agi,
1301 388 1334 416 ut
1357 384 1531 427 singularem
1556 396 1658 417 eorum
1681 386 1784 418 condi-

250 434 357 467 tionem
387 444 404 465 a
434 436 519 476 poe'ta
549 433 665 476 egregie
693 438 832 465 servatam
864 432 1038 464 admiremur
1065 446 1112 453 —
1140 431 1177 463 ita
1206 430 1328 463 maxime
1357 430 1405 462 illo
1429 431 1557 464 videmus
1582 432 1637 464 hoc
1661 431 1785 475 probari,

251 480 331 525 quod
361 480 503 522 religionis
532 484 617 512 tenax
646 479 795 523 divinaque
825 479 919 511 omnia
948 479 1045 511 colens
1075 487 1192 520 semper
1216 477 1277 509 sere
1301 478 1356 509 vim
1381 479 1509 520 agnoscit
1531 480 1664 511 Deorum
1688 479 1717 511 in
1741 479 1785 521 iis,

251 537 325 571 quae
349 526 425 558 videt
448 527 526 568 fieri,
551 527 788 569 oraculorumque
812 525 901 557 habet
923 525 1073 557 rationem.
1127 522 1215 562 Quod
1239 534 1304 554 cum
1328 523 1372 554 vix
1396 525 1528 568 cuiquam
1551 526 1641 568 possit
1664 525 1785 557 dubium

251 583 316 605 esse
339 584 392 616 per
415 573 508 605 omnia
532 573 592 605 fere
616 573 678 615 ejus
702 572 825 605 carmina
848 571 989 613 obtinens,
1013 581 1102 614 pauca
1127 569 1325 602 tantummodo
1350 570 1412 612 ejus
1436 572 1478 603 rei
1497 582 1702 615 componemus
1728 583 1784 604 ex·—

251 619 353 662 empla.
393 621 435 651 lta
459 630 524 651 cum
547 620 647 652 viderit
669 620 851 652 Haemonem
873 618 1033 660 Antigonae
1058 628 1156 649 amore
1182 616 1299 648 ductum
1323 617 1395 658 patri
1418 618 1564 660 resistere,
1588 619 1645 650 vim
1667 619 1783 651 Amoris

250 666 344 698 omnia
367 666 502 697 vincentis
533 666 676 708 praedicat
700 670 730 698 et
752 676 806 708 per
829 670 917 697 totam
942 665 1002 696 sere
1028 663 1151 696 fabulam
1176 673 1243 694 eum
1267 674 1382 705 semper
1405 664 1500 706 prodit
1523 676 1657 707 sensum,
1688 665 1783 697 omnia

250 713 390 756 perficere
414 713 505 755 Deos,
529 713 673 745 neminem
697 713 729 744 iis
753 723 839 755 posse
862 712 1010 753 resistere,
1035 722 1121 755 quem
1145 715 1241 743 tamen
1265 714 1327 742 tum
1351 710 1483 754 demum,
1514 723 1578 744 cum
1603 717 1702 755 aperte
1722 712 1783 755 jam

249 759 325 791 videt
347 770 363 790 a
387 764 466 791 recto
490 759 639 791 aberrasse
665 760 820 791 Creontem
843 759 942 802 poenis
966 758 1002 790 ab
1026 758 1087 801 ipso
1112 757 1193 798 datis,
1217 761 1297 788 recte
1321 756 1438 789 adhibet
1460 758 1496 790 ad
1516 758 1653 801 judicium
1673 758 1710 791 de
1728 770 1781 791 re-

249 817 314 838 rum
338 806 500 838 conditione
525 805 577 838 sibi
601 805 821 848 informandum,
838 809 911 837 ‘ante
936 809 966 837 et
990 805 1122 837 Creontis
1146 803 1278 847 principis
1302 803 1487 836 admiratione
1512 805 1633 848 quadam
1657 811 1687 838 et
1709 817 1781 849 per-

250 864 338 896 pensa
362 853 459 895 legum
484 853 631 885 sanctitate
656 857 685 884 et
714 853 833 885 utilitate
863 864 879 884 a
909 863 977 884 vero
1009 852 1158 884 deductus.
1207 850 1344 883 Similiter
1375 861 1441 883 cum
1471 852 1559 884 modo
1587 852 1654 884 vidit
1678 853 1782 885 chorus

249 899 414 940 Dejaniram
437 899 625 941 recuperandi
649 899 782 930 Herculis
806 899 910 930 amoris
934 899 1090 940 periculum
1115 899 1271 937 facturum,
1295 897 1416 929 Veneris
1440 898 1496 929 vim
1520 898 1651 930 laudibus
1675 899 1783 930 extollit

249 944 455 988 egregiumque
492 945 553 987 ejus
584 945 746 987 exemplum
776 944 909 987 proponit
939 944 1072 976 Herculis
1101 943 1280 986 Acheloique
1310 943 1347 974 de
1379 944 1440 985 ipsa
1473 944 1610 986 Dejanira
1646 955 1780 987 pugnam.

249 991 370 1023 Dubitat
398 991 426 1023 in
457 991 552 1034 Ajacis
580 991 704 1034 parodo,
736 993 799 1035 quis
822 992 955 1023 Deorum
982 988 1018 1023 ad
1047 990 1104 1022 tale
1135 990 1240 1023 facinus
1263 989 1487 1033 perpetrandum
1511 1001 1578 1022 eum
1602 991 1780 1034 propulerit:

250 1043 329 1070 certo
359 1038 434 1069 enim
464 1049 480 1070 a
508 1038 575 1070 Deo
606 1038 641 1070 ad
664 1038 720 1070 hoc
750 1049 817 1069 eum
848 1048 913 1069 esse
942 1037 1121 1080 perductum.
1176 1035 1312 1069 Ostendit
1340 1037 1461 1068 eandem
1491 1048 1578 1080 saepe
1609 1049 1677 1080 erga
1699 1039 1781 1070 Deos

249 1085 384 1127 pietatem
408 1084 568 1116 advocanda
591 1085 724 1116 Deorum
748 1095 814 1127 ope,
838 1084 984 1126 promissis
1008 1084 1100 1115 choris
1124 1083 1152 1115 in
1177 1093 1279 1115 eorum
1308 1082 1448 1115 honorem
1472 1083 1610 1116 ducendis
1634 1084 1780 1116 similibus.

250 1131 440 1162 Oraculorum
465 1141 551 1172 quam
576 1130 692 1172 egregie
717 1130 818 1161 sentiat
842 1130 1019 1161 sanctitatem
1043 1135 1211 1172 certumque
1236 1139 1337 1160 eorum
1368 1134 1518 1171 eventum,
1550 1131 1678 1172 quamvis
1706 1142 1780 1162 con-

248 1176 331 1208 traria
355 1176 504 1207 videantur
528 1176 651 1217 evenire,
676 1176 798 1208 maxime
822 1187 857 1208 eo
882 1176 1006 1207 carmine
1031 1180 1161 1219 apertum
1186 1180 1243 1217 est,
1274 1175 1351 1217 quod
1379 1175 1415 1207 ab
1444 1186 1480 1206 eo
1505 1176 1634 1207 audimus
1658 1177 1778 1219 proferri

248 1227 313 1265 post
336 1222 451 1264 impiam
474 1222 549 1254 illam
573 1223 705 1254 Jocastae
730 1222 904 1262 orationem,
934 1222 1023 1253 fidem
1052 1222 1173 1253 oraculis
1197 1232 1314 1264 prorsus
1338 1233 1395 1253 non
1419 1232 1485 1253 esse
1508 1222 1684 1263 habendam,
1714 1234 1780 1254 curn

248 1267 429 1312 apertissimis
454 1268 621 1300 ostendatur
645 1268 740 1310 signis,
764 1278 840 1300 nunc
863 1279 920 1299 non
943 1278 1011 1299 vere
1036 1267 1158 1309 evenire,
1183 1278 1257 1310 quae
1281 1267 1445 1299 contineant
1462 1268 1527 1309 illa3
1551 1268 1780 1311 indignabundus

248 1315 322 1348 enim
346 1315 382 1347 de
407 1314 532 1359 superbo
557 1315 612 1347 hoc
636 1314 791 1347 divinorum
816 1315 943 1347 omnium
966 1314 1109 1357 neglectu,
1134 1314 1260 1358 quamvis
1280 1313 1352 1346 illius
1372 1325 1500 1347 errorem
1519 1325 1577 1346 non
1594 1315 1779 1359 perspicienS,

247 1366 382 1404 provocat
403 1362 496 1397 Deos,
520 1367 553 1393 ut
577 1362 756 1393 oraculorum
781 1361 950 1399 subveniant
971 1362 1096 1393 firmitati
1127 1373 1158 1392 ac
1189 1361 1337 1392 sanctitati.
1391 1362 1486 1399 Quam
1517 1362 1579 1403 ejus
1610 1363 1779 1394 sententiam

247 1408 270 1439 si
295 1417 493 1449 comparamus
517 1418 582 1439 cum
607 1408 661 1448 illa,
686 1418 772 1450 quam
792 1407 939 1449 superiore
957 1407 1081 1438 carmine
1105 1407 1251 1449 professus
1275 1410 1320 1437 est
1343 1406 1379 1438 de
1405 1406 1531 1438 Tiresiae
1555 1407 1613 1439 fide
1637 1407 1779 1446 dubitans,

247 1458 345 1497 aperte
370 1453 417 1485 illo
441 1453 505 1486 loco
530 1465 597 1487 eum
621 1465 637 1486 a
661 1465 729 1486 vero
755 1452 909 1486 abductum
934 1464 970 1486 eo
993 1453 1131 1487 videmus.
1157 1453 1236 1497 qucd
1260 1457 1289 1485 et
1313 1452 1467 1485 humanam
1490 1453 1632 1487 existimat
1649 1454 1711 1498 ejus
1728 1465 1779 1487 sa-

247 1501 380 1543 pientiam
406 1505 436 1531 et
457 1500 596 1532 rixantem
620 1511 686 1532 eum
711 1500 779 1532 vidit
799 1518 843 1523 —
869 1512 926 1532 non
951 1501 1032 1531 aliter
1055 1512 1088 1531 ac
1112 1501 1173 1542 ipse
1198 1500 1329 1541 Oedipus
1351 1516 1398 1523 ·——
1420 1500 1510 1531 tristia
1535 1501 1579 1532 illa
1603 1512 1635 1532 ac
1658 1501 1779 1532 nefanda

246 1545 388 1590 proloqui.
436 1546 501 1578 Non
526 1546 607 1578 aliter
629 1545 657 1577 in
683 1546 837 1578 Trachiniis
861 1546 985 1578 animum
1009 1545 1129 1578 advertit
1153 1545 1188 1578 ad
1213 1545 1318 1578 oraculi
1339 1546 1456 1577 Herculi
1475 1545 1532 1577 dati
1551 1546 1699 1579 veritatem
1718 1546 1780 1589 jam

246 1597 383 1637 apertam.
431 1593 497 1625 Non
521 1593 669 1625 minimum
694 1597 791 1625 autem
815 1593 887 1625 hanc
911 1603 979 1636 erga
1002 1593 1085 1624 Deos
1115 1593 1251 1636 pietatem
1280 1603 1439 1636 eorumque
1469 1593 1637 1625 memoriam
1664 1604 1781 1637 semper

246 1639 322 1682 apud
346 1650 377 1671 se
402 1638 580 1671 obtinentem
605 1639 730 1671 ostendit
751 1639 894 1671 interdum
918 1640 1021 1671 chorus
1046 1639 1174 1671 versibus
1198 1639 1267 1680 illis,
1291 1639 1366 1670 inter
1389 1650 1463 1682 quos
1486 1639 1564 1671 finita
1582 1640 1643 1682 jam
1667 1640 1778 1672 actione

244 1685 367 1718 decedit.

336 1731 441 1765 Omnia
464 1732 536 1764 haec
559 1743 617 1764 non
641 1732 747 1774 minus,
775 1743 862 1776 quam
890 1732 1039 1765 universae
1069 1732 1227 1764 sententiae
1257 1742 1290 1764 ex
1322 1731 1433 1764 actione
1463 1730 1565 1764 ductae
1588 1749 1636 1755 —
1659 1743 1778 1776 quarum

242 1779 366 1811 maxime
396 1778 598 1812 memorabiles
629 1779 691 1812 illae
723 1780 751 1811 in
778 1779 897 1812 *duobus
924 1779 1067 1822 Antigona
1095 1778 1265 1812 carminibus
1294 1778 1332 1811 de
1362 1778 1511 1811 hominum
1539 1779 1719 1812 facultatibus
1746 1791 1780 1812 ac

243 1826 305 1858 satis
329 1826 433 1869 illaque
457 1826 485 1858 in
510 1825 625 1870 Oedipo
651 1827 779 1859 Coloneo
804 1826 840 1859 de
863 1827 936 1859 vitae
954 1826 1095 1858 humanae
1116 1826 1297 1869 maximeque
1317 1826 1387 1858 senii
1404 1826 1542 1858 molestiis
1566 1844 1611 1850 -—
1635 1827 1780 1870 aptissima

244 1877 310 1904 sunt
334 1877 364 1905 et
386 1874 431 1905 vel
457 1873 579 1905 maxime
603 1873 741 1906 instructa
765 1873 801 1905 ad
824 1873 1005 1906 retinendum
1028 1873 1057 1905 in
1082 1873 1252 1916 cogitatione
1277 1872 1313 1904 de
1331 1872 1460 1916 partibus
1477 1872 1591 1906 fabulae
1608 1874 1780 1917 antegressis

243 1920 411 1962 spectatoris
441 1920 577 1952 animum.
634 1921 699 1952 Jam
729 1920 766 1952 ita
797 1931 862 1952 cum
886 1920 922 1952 ad
945 1920 1126 1963 insequentia
1151 1920 1258 1963 optime
1283 1930 1351 1951 eum
1374 1925 1547 1963 praeparent
1570 1926 1599 1952 et
1621 1921 1779 1963 advertant,

241 1977 299 1997 non
322 1976 390 1998 raro
415 1976 532 2009 quoque
557 1967 691 2009 singulari
715 1966 838 2010 quadam
861 1972 965 2009 poetae
989 1971 1050 1998 arte
1075 1966 1142 2009 ipsis
1166 1966 1314 1999 sententiis
1334 1967 1450 2010 prolatis
1470 1966 1506 1998 ad
1524 1967 1671 2009 sequentia
1690 1979 1780 2011 prae-

240 2016 340 2055 parant
370 2017 400 2045 et
428 2012 588 2055 transigunt
617 2013 753 2046 auditoris
784 2013 920 2046 animum.
975 2012 1064 2052 Quod
1092 2024 1159 2046 cum
1188 2013 1321 2045 facillime
1355 2013 1494 2046 sentiatur
1517 2013 1650 2046 obtinere
1674 2015 1701 2046 in
1727 2014 1778 2046 illis
