1943 2355
971 139 1016 170 ⁴⁸
1451 116 1539 229 Ο

230 252 298 274 cans
322 245 353 272 et
377 251 395 272 a
423 239 512 272 nimio
535 238 651 280 dolore,
680 237 884 270 moderationis
919 236 1028 279 ubique
1054 236 1213 278 studiosus,
1250 241 1283 268 ut
1313 236 1369 268 l’ert
1398 236 1461 278 ejus
1489 240 1601 277 natura,
1629 238 1678 280 qui
1707 237 1770 280 ipse

229 286 348 319 actimis
369 296 428 319 non
452 284 595 328 particeps
613 281 805 327 'tranquillior-i
820 282 922 315 ¹animo
944 280 1238 325 quaequae‘aguntur
1249 282 1378 325 percipit,
1402 282 1490 326 idque
1513 283 1637 314 maxime
1661 293 1770 326 curan-

229 333 301 365 dum
335 336 430 375 putat,
465 336 498 363 ut
537 342 575 363 ne
609 330 715 368 ,nimis
748 329 938 361 vehementer
971 328 1122 360 commotis
1159 339 1175 360 a
1210 333 1291 361 recto
1326 339 1454 372 veroque
1501 327 1637 361 abene'nt
1681 329 1769 362 inviti.

230 379 431 418 Necessarium
453 378 497 410 vix
519 377 641 419 videt-’5
665 375 975 420 pluribus'exponere,
999 374 1070 407 haec
1093 375 1188 407 omnia
1211 386 1306 419 neque
1324 374 1560 408 recedereabea
1578 387 1768 419 personarum

230 426 311 459 chori
333 425 438 467 indole,
461 425 578 468 qualem
600 435 687 467 supra
711 433 857 466 exponere
879 422 975 454 conati
999 432 1096 454 sumus
1120 421 1211 464 iisque
1235 421 1386 454 convenire
1410 422 1552 465 personis,
1576 422 1681 466 quibus
1696 419 1767 455 uta-

231 478 279 506 tur
300 476 388 516 poeta
411 471 447 504 ad
476 472 596 504 oliorum
624 469 873 511 constituendum,
910 468 1016 512 quippe
1047 479 1121 511 quae
1156 478 1272 512 semper
1302 469 1397 513 aliquo
1423 466 1495 502 cum'
1519 469 1588 513 ipsis
1618 469 1769 512 agentibus

232 520 400 563 conjunctae
423 518 534 551 vinculo
555 534 604 542 -—
627 528 724 560 neque
748 516 878 548 diversae
901 520 1020 547 naturae
1044 526 1109 547 esse
1133 526 1166 547 ac
1188 516 1243 556 illa,
1268 527 1343 558 quae
1367 516 1542 558 longioribus
1560 517 1667 549 chorus
1678 516 1768 549 edere

232 566 307 598 solet
330 565 468 606 cantibus,
493 570 523 597 et
546 564 589 596 his
613 564 682 607 quid
706 563 743 595 de
768 572 957 606 personarum
982 561 1188 594 conditionibus
1214 562 1350 605 factisque
1375 563 1555 595 sentiendum
1579 568 1610 595 et
1629 563 1767 605 judican-

231 612 301 645 dum
324 611 450 644 videatur
474 621 630 655 exponens.
678 609 783 653 Ne'que
796 620 844 641 >eo
866 620 884 641 a
907 608 1083 651 longioribus
1108 608 1278 640 carminibus
1305 609 1459 651 recedunt,
1489 609 1569 653 quod
1592 610 1663 642 haec
1687 621 1767 654 quo-

231 669 289 702 que
313 658 401 691 modo
424 669 490 691 cum
514 661 709 701 spectatorum
733 666 895 698 congruere
919 655 1021 697 sensis,
1046 655 1133 687 modo
1158 655 1305 687 discedere
1329 655 1366 687 ab
1390 656 1422 687 iis
1446 661 1577 699 apertum
1601 661 1654 688 est.

323 844 353 877 Si
377 844 463 887 igitur
483 844 543 887 jam
566 843 594 875 in
617 842 676 875 fine
700 842 897 886 disputationis
920 841 1046 874 breviter
1069 841 1164 874 denuo
1189 841 1437 885 componendum,
1461 842 1529 886 quid
1552 843 1681 875 videatur
1705 844 1765 875 So-

233 891 349 934 phocles
373 892 460 922 choro
484 890 612 922 tribuere
637 890 748 932 qualive
771 900 809 921 eo
825 889 883 929 uti,
908 888 946 920 ita
969 888 1186 931 profitebimur:
1213 889 1271 926 Qui
1294 889 1414 920 traditus
1432 890 1566 931 Sophocli
1590 894 1620 921 et
1643 901 1659 921 a
1682 890 1765 932 prio-

232 937 312 969 n'bus
337 936 467 980 ejusdem
491 935 605 980 generis
629 935 723 979 poetis
747 940 779 967 et
801 946 818 967 a
841 934 955 978 publica
979 935 1089 967 Graeca
1113 935 1184 967 vitae
1220 934 1330 967 ratione
1365 935 1444 967 chori
1480 935 1668 968 interserendi
1691 947 1766 978 mos,

234 996 270 1017 eo
294 985 332 1016 ita
355 996 424 1016 usus
448 989 510 1025 est,
546 988 578 1015 ut
602 983 716 1025 electis,
752 993 827 1026 quae
853 982 983 1015 facillime
1008 987 1038 1014 et
1060 983 1135 1014 ultro
1160 993 1191 1014 se
1221 980 1397 1024 offerebant,
1433 983 1564 1026 personis
1600 983 1643 1015 his
1680 983 1767 1026 ipsius

234 1031 350 1062 actionis
374 1035 486 1073 partem
511 1031 571 1061 sere
595 1030 702 1061 nullam
726 1029 883 1069 tribueret,
908 1029 959 1060 sed
984 1029 1010 1060 in
1035 1029 1090 1060 hoc
1114 1040 1230 1070 quoque
1254 1029 1326 1060 vitae
1351 1040 1476 1071 sequens
1506 1030 1662 1070 rationem,
1695 1040 1766 1061 sen-

233 1076 322 1109 tiendi
344 1076 466 1108 maxime
490 1080 586 1119 partes
610 1075 647 1107 ad
670 1085 719 1107 eas
744 1074 881 1107 deferret.
935 1075 1019 1113 Quae
1042 1085 1111 1106 vero
1134 1074 1222 1107 edere
1246 1075 1340 1106 solent
1364 1085 1464 1117 sensa,
1489 1080 1522 1107 ut
1544 1075 1605 1118 ipsa
1618 1086 1676 1120 *res
1701 1075 1766 1116 sert,

233 1124 337 1167 partim
360 1123 424 1155 talia
449 1127 524 1164 sunt,
547 1122 641 1166 qualia
666 1122 825 1154 communis
850 1122 939 1165 g1gnit
963 1127 992 1153 et
1014 1120 1150 1165 provocat
1179 1132 1280 1153 sensus
1308 1122 1466 1164 humanus,
1499 1122 1601 1165 partim
1630 1122 1674 1155 his
1697 1123 1768 1156 solis

233 1170 362 1213 personis
387 1170 578 1211 conveniunt3
615 1180 732 1211 semper
761 1174 859 1200 autem
893 1180 927 1200 ea
956 1179 1021 1200 cum
1051 1168 1139 1201 rebus
1169 1168 1237 1200 actis
1261 1173 1339 1201 arcte
1369 1174 1436 1200 sunt
1459 1169 1618 1211 conjuncta.
1667 1170 1768 1201 Solent

234 1217 272 1249 ita
296 1216 374 1248 chori
398 1227 557 1258 personae,
587 1215 725 1247 amicitiae
750 1215 861 1246 vinculo
885 1215 1055 1257 plerumque
1080 1225 1144 1246 cum
1168 1215 1319 1256 agentibus
1343 1215 1524 1257 conjunctae,
1555 1215 1654 1247 dolere
1683 1216 1766 1257 tristi,

235 1262 360 1307 gaudere
396 1263 469 1295 laeta
492 1262 606 1294 illorum
630 1261 808 1304 conditione,
842 1261 948 1304 judicia
979 1266 1009 1293 et
1032 1261 1257 1305 exspectationes
1292 1261 1438 1305 proferre,
1474 1262 1614 1294 consolari
1649 1262 1768 1294 nimium

234 1311 340 1351 tristes,
365 1309 593 1341 moderationem
617 1320 733 1351 semper
756 1313 890 1340 tenentes
909 1320 942 1340 ac
953 1308 1071 1340 nimium
1095 1308 1220 1351 quidque
1245 1309 1397 1350 fugientes.
1446 1310 1551 1341 Omnia
1574 1310 1646 1341 haec
1669 1314 1768 1341 autem

235 1357 272 1388 ita
295 1356 490 1398 proferuntur,
516 1355 595 1397 quod
619 1360 649 1386 et
671 1355 802 1386 universa
827 1355 882 1386 sert
906 1355 1055 1396 Sophoclis
1080 1366 1142 1395 arS,
1174 1359 1202 1385 et
1227 1355 1304 1385 chon·
1328 1354 1454 1386 accessio
1478 1355 1515 1386 ad
1538 1356 1679 1387 actionem
1702 1360 1770 1398 post

235 1413 333 1435 rerum
357 1401 565 1445 expositionem
591 1406 621 1433 et
644 1405 741 1444 partes
767 1401 874 1433 talibus
898 1401 977 1433 chori
1000 1400 1129 1444 personis
1153 1400 1286 1442 tributae,
1309 1405 1342 1433 ut
1365 1412 1424 1433 non
1446 1412 1512 1434 raro
1536 1406 1681 1445 spectator
1704 1402 1768 1445 plus

236 1449 349 1491 videns,
386 1460 473 1492 quam
507 1459 649 1491 personae
678 1453 796 1491 agentes
827 1459 859 1480 ac
889 1449 1008 1489 chorus,
1045 1459 1110 1480 cum
1135 1448 1166 1479 iis
1189 1448 1305 1479 minime
1335 1448 1425 1491 possit
1454 1449 1638 1490 consentire,
1674 1449 1768 1481 omnia

237 1500 334 1528 autem
357 1495 418 1526 sere
443 1495 566 1527 carmina
590 1495 694 1526 veteris
718 1495 862 1536 religionis
886 1500 1017 1526 tenacem
1041 1505 1105 1526 esse
1130 1495 1248 1526 chorum
1272 1495 1438 1526 ostendunt.
1473 1496 1768 1527 Jamitaimmiscen-

235 1547 282 1575 tur
306 1541 446 1584 ejusmodi
470 1541 595 1573 carmina
619 1541 703 1584 lyrica
735 1540 942 1584 pulchritudine
978 1551 1093 1584 semper
1127 1540 1259 1582 insignia,
1294 1545 1327 1572 ut
1355 1540 1424 1572 illud
1453 1545 1568 1584 tempus
1597 1542 1769 1585 plerumque

236 1588 386 1632 explentia,
402 1591 469 1631 'quo
494 1592 572 1619 extra
597 1598 711 1619 scenam
737 1587 844 1630 aliquid
867 1587 1028 1619 laciendum
1043 1592 1097 1619 *est
1119 1587 1155 1618 ad
1178 1587 1390 1629 producendam
1408 1588 1561 1630 actionem,
1586 1589 1630 1620 vel
1649 1589 1769 1632 ubique,

235 1635 285 1666 ubi
308 1645 422 1665 cessare
446 1634 558 1665 videtur
581 1639 611 1665 et
635 1632 792 1665 consistere
817 1634 900 1675 actio,
925 1634 1054 1665 reficiant
1078 1633 1211 1665 auditoris
1236 1634 1361 1665 animum
1378 1635 1469 1665 sensis
1493 1635 1769 1678 cogitationibusque

237 1691 352 1723 semper
375 1691 409 1712 ex
434 1680 493 1723 ipsa
518 1680 630 1712 actione
654 1680 749 1723 petitis
773 1680 869 1723 itaque
893 1680 930 1712 ad
954 1691 1017 1712 eam
1041 1679 1243 1711 reducentibus
1267 1684 1297 1711 et
1319 1680 1358 1712 ita
1378 1680 1439 1722 jam
1457 1680 1493 1712 ad
1512 1683 1662 1723 sequentia
1680 1692 1769 1724 prae-

236 1726 400 1770 parantibus
426 1726 653 1769 quodammodo,
690 1727 773 1758 simul
809 1737 896 1769 saepe
932 1726 1079 1758 sententiis
1114 1731 1247 1757 exornata
1283 1726 1375 1758 simile
1404 1726 1473 1770 quid
1496 1726 1713 1770 exhibentibus,
1738 1738 1771 1759 ac

237 1773 403 1816 sequentia,
440 1773 475 1804 ad
506 1773 578 1804 haec
609 1778 779 1815 praeparent
804 1778 834 1804 et
856 1778 936 1805 recte
962 1773 1106 1804 instituant
1130 1772 1265 1804 auditoris
1289 1773 1425 1804 animum.
1484 1774 1550 1805 Hoc
1573 1784 1643 1806 vero
1667 1775 1704 1806 ita
1727 1774 1771 1815 fit,

237 1825 269 1852 ut
293 1824 341 1851 aut
365 1818 482 1851 easdem
507 1824 602 1863 servet
633 1819 787 1851 sententias
810 1819 873 1861 ille,
904 1830 975 1862 quas
1005 1819 1183 1862 amplectitur
1212 1819 1331 1860 chorus,
1363 1824 1414 1851 aut
1437 1830 1533 1852 errare
1564 1832 1632 1853 eum
1655 1821 1771 1864 perspi-

237 1867 324 1908 ciens,
349 1865 474 1898 diversas
499 1870 529 1897 et
552 1866 706 1898 contrarias
731 1866 927 1909 amplectatur.

328 1914 425 1952 Quam
449 1912 657 1956 expositionem
682 1913 840 1956 gaudemus
864 1925 921 1946 non
944 1913 1101 1946 abhorrere
1119 1913 1155 1945 ab
1171 1913 1218 1945 illo
1230 1913 1393 1946 Aristotelis
1405 1920 1560 1958 praecepto
1579 1920 1656 1958 poet.
1670 1926 1695 1947 c.
1712 1916 1772 1949 18:

236 1962 292 1993 Καὶ
321 1960 368 1993 ‘niv
394 1959 480 2000 χορόν
507 1962 536 1992 δὲ
563 1963 612 1991 ἕνα
640 1963 686 1991 ds?
699 1961 856 1999 ὑπολαβεῖν
875 1962 929 1992 τῶν
957 1961 1110 2000 ὑποκριτῶν
1130 1963 1179 1991 καὶ
1200 1966 1293 2000 μορίου
1313 1960 1383 1991 εἶναι
1404 1962 1453 1991 τοῦ
1472 1960 1538 1992 ὅλου
1559 1964 1608 1992 καὶ
1627 1967 1774 1997 συναγωνί-

239 2006 352 2049 ζεσθαι.
401 2006 490 2045 Quod
520 2007 596 2038 enim
625 2007 688 2050 quis
718 2007 807 2050 possit
839 2007 866 2038 in
897 2007 940 2039 his
970 2006 1064 2039 verbis
1089 2006 1142 2038 sibi
1170 2006 1258 2052 videri
1281 2006 1422 2050 reperire,
1450 2018 1518 2039 vere
1542 2006 1685 2049 agendum
1710 2019 1774 2040 esse

241 2065 257 2086 a
281 2053 378 2095 choro,
402 2052 472 2085 illud
495 2054 611 2096 egregie
636 2053 775 2086 refutatur
798 2053 853 2085 alio
878 2053 1003 2097 quodam
1027 2053 1158 2096 ejusdem
1182 2054 1305 2085 auctoris
1329 2054 1393 2085 loco
1417 2054 1574 2086 accuratius
1599 2054 1662 2097 ejus
1680 2060 1774 2098 partes

1381 2106 1435 2139 6*
