1943 2355
427 94 514 239 q
956 110 1001 142 44

205 206 370 249 definiente,
417 208 475 239 Pro
496 207 516 239 l·
540 207 591 249 VI,
618 209 683 239 19:
721 208 781 238 ἔστι
811 206 866 247 ’γαὶρ
891 207 905 238 ὅ
928 205 1014 248 χορδς
1043 205 1175 247 undeni-vic
1208 204 1413 247 ἄτρακτος·
1446 206 1553 239 εὔνοιαν
1581 207 1636 248 wip
1663 207 1746 247 μόνον

205 261 368 295 παρέχεται
389 249 427 289 022-
447 261 577 296 παρέσῃ.
626 254 798 297 Comparata
822 253 899 286 enim
923 254 981 286 duo
1008 253 1081 286 haec
1108 256 1262 296 praecepta
1291 258 1526 298 assumtumque,
1553 254 1632 297 quod
1659 255 1746 298 priori

203 300 242 332 illi
265 300 394 333 additum
417 300 522 344 legitur
543 317 591 322 —
614 299 653 340 μή
674 299 767 341 ὥσπερ
786 300 1085 343 ταρ·Εὖριπ-Ιδῃ,οἰλλ’
1101 299 1193 340 ὥσπερ
1207 297 1284 340 παραὶ
1298 302 1452 339 Σοφοκλεῖ
1468 318 1516 325 —-
1551 300 1618 332 satis
1642 306 1746 334 osten—

204 346 286 389 dunt,
310 347 366 379 hoc
390 351 501 379 tantum
525 347 631 378 docere
655 347 780 379 voluisse
804 347 988 389 cogitandum
1012 357 1077 379 esse
1088 346 1286 387 Aristotelem,
1310 357 1370 379 no-
1392 346 1502 379 debere
1524 350 1636 379 remota
1650 358 1746 389 quee-

203 391 271 424 dum
294 392 332 424 ab
355 393 416 435 ipsa
440 393 533 425 sabula
562 392 693 435 profiteri
716 393 847 435 chorum,
872 393 924 425 sed
948 403 1022 437 quae
1045 403 1112 424 cum
1136 391 1248 424 fabulae
1273 392 1370 425 colore
1393 392 1553 425 concinant.
1576 409 1624 416 ——
1654 392 1745 425 Simi-

203 438 269 471 liter
297 439 434 471 Horatius
464 439 494 472 id
522 439 646 472 maxime
674 439 814 481 efferens,
843 439 1050 472 moderantiam
1079 438 1234 471 tenendam
1264 450 1329 471 esse
1353 451 1370 471 a
1393 439 1482 471 choro
1511 438 1745 483 revocandosque

204 485 241 517 ad
264 496 328 518 eam
351 486 428 528 ipsos
452 491 583 529 agentes,
608 486 646 518 de
670 486 751 517 chori
773 486 873 518 officiis
897 486 936 518 ita
958 486 1094 529 praecipit
1116 485 1145 516 in
1170 485 1253 528 epist.
1278 485 1315 517 ad
1338 486 1459 518 Pisones
1482 496 1509 517 v.
1537 487 1603 517 193
1626 496 1689 529 sqq.

588 578 705 611 Actoris
728 583 825 622 partes
850 579 964 621 chorus,
989 578 1173 621 officiumque
1197 577 1276 610 virile

589 625 753 657 Defendet:
778 635 834 657 nec
857 626 926 668 quid
949 625 1059 656 medios
1083 624 1233 656 intercinat
1257 628 1348 666 actus,

592 671 682 710 Quod
704 682 763 703 non
786 671 934 714 proposito
958 670 1098 703 conducat
1122 675 1152 702 et
1175 670 1294 703 haereat
1317 675 1392 714 apte.

590 718 642 750 Ille
665 717 749 750 bonis
773 718 865 750 faveat
888 723 918 750 et
941 718 1105 750 consilietur
1128 717 1229 760 amice,

589 765 630 797 Et
652 769 736 808 regat
758 765 845 797 iratos
870 769 899 797 et
922 770 1000 797 amet
1024 776 1126 808 pacare
1150 769 1307 806 tumentes,

590 812 642 843 Ille
667 811 756 855 dapes
780 811 878 843 laudet
899 822 1016 843 mensae
1040 811 1144 852 brevis,
1169 811 1216 843 ille
1240 810 1385 843 salubrem

590 857 731 890 Iustitiam
755 857 893 901 legesque
918 862 947 890 et
971 858 1076 901 apertis
1101 858 1159 890 otia
1182 857 1283 901 portis,

589 904 642 936 Ille
665 909 746 947 tegat
769 905 921 937 commissa
943 906 1084 948 Deosque
1107 909 1243 948 precetur
1266 909 1297 936 et
1319 909 1393 947 oret,

589 951 630 983 Ut
651 951 754 983 redeat
776 951 897 993 miseris,
921 951 1008 983 abeat
1031 952 1145 983 fortuna
1169 950 1311 994 superbis.

295 1045 395 1084 Quem
417 1044 462 1076 vix
486 1043 677 1077 dubitaverim
701 1044 738 1077 ad
762 1044 934 1087 Sophoclem
957 1045 1080 1077 maxime
1104 1044 1267 1087 respexisse
1296 1044 1368 1077 haec
1397 1043 1586 1087 scribentem,
1619 1055 1685 1077 cum
1715 1050 1745 1077 et

200 1091 381 1133 praemonita
407 1101 481 1131 „nec
504 1090 574 1133 quid
597 1091 709 1122 medios
733 1091 883 1123 intercinat
910 1095 1006 1132 actus,
1031 1091 1110 1134 quod
1134 1101 1194 1122 non
1223 1091 1371 1133 proposito
1401 1090 1542 1123 conducat
1572 1095 1602 1123 et
1625 1091 1744 1123 baereat

200 1136 288 1180 apte“
314 1137 344 1169 in
367 1148 458 1169 unum
482 1136 542 1169 sere
568 1137 744 1181 Sophoclem
772 1138 895 1170 maxime
925 1137 1066 1181 quadrent
1089 1141 1120 1170 et
1142 1137 1322 1181 insequentia
1346 1137 1456 1181 singula
1481 1137 1542 1171 l'ere
1567 1148 1603 1171 ex
1626 1137 1743 1182 singulis

200 1184 265 1227 ejus
288 1184 444 1228 tragoediis
469 1184 599 1217 facillime
623 1184 782 1218 eliciantur.
