1943 2355
938 82 982 112 32

194 178 291 211 oculos
315 181 406 211 multo
429 180 536 211 minus·
544 180 616 210 hanc
639 189 736 220 agere,
760 189 846 229 quam
871 179 1047 218 Creontem3
1078 182 1200 229 excepto
1224 179 1301 210 enim
1323 180 1408 212 unico
1430 180 1493 222 illo,
1517 181 1596 223 quod
1619 182 1724 215 scimus

194 236 257 257 eam
286 226 407 278 sepelire
436 226 526 257 fratris
557 224 690 266 cadaver,
720 224 787 256 nihil
816 224 875 266 ipsa
900 224 966 256 facit
989 223 1026 255 ad
1048 223 1190 255 actionem
1213 225 1444 268 producendam,
1469 226 1542 258 nibll
1566 227 1638 270 agit,
1670 228 1723 261 sed

193 271 287 304 omnia
317 272 441 314 patitur,
478 272 633 303 Creontem
662 274 759 302 contra
790 270 918 302 videmus
948 269 984 302 ab
1009 269 1086 301 initio
1110 281 1203 313 usque
1228 271 1264 303 ad
1286 271 1374 303 finem
1399 272 1511 305 fabulae
1535 278 1669 315 agentem
1693 279 1724 308 et

192 318 287 349 omnia
316 323 493 358 moventem,
526 317 595 348 dum
624 317 652 348 in
681 317 736 348 hoc
766 321 795 348 et
823 317 884 368 ipse
914 316 1045 359 patientis
1076 316 1178 348 subeat
1201 322 1307 368 partes.
1342 335 1390 340 —
1426 319 1499 351 Cum
1522 320 1577 351 hoc
1600 320 1723 353 alterum

191 362 298 406 aliquid
329 364 443 405 egregie
472 363 602 394 convenit
631 363 773 394 internum
802 362 906 404 magis,
943 372 1008 394 cum
1033 361 1147 404 quando
1170 362 1221 393 viri
1244 363 1327 395 nobis
1351 364 1548 406 producuntur
1570 365 1614 397 vel
1638 376 1723 398 senes

191 414 310 452 agentes
334 409 469 449 maxime,
500 409 671 451 cogitatione
695 408 785 440 multo
809 408 899 450 magis
924 408 960 440 ad
983 419 1018 440 ea
1040 408 1215 450 perficienda
1239 408 1424 452 adducantur,
1449 421 1524 453 quae
1547 415 1722 455 perpetrant,

192 455 313 488 feminae
348 460 445 487 contra
479 455 525 487 vel
560 455 681 497 virgines
717 465 865 497 quaequae
901 450 1020 496 faciunt,
1058 465 1145 486 sensu
1176 455 1271 497 potius
1300 456 1426 499 quodam
1450 456 1552 489 saciant
1575 458 1723 501 impulsae.

192 502 280 541 Quod
303 513 367 534 cum
391 513 444 544 per
467 506 540 534 totas
565 501 672 534 fabulas
697 501 833 542 obtineat,
858 502 943 533 etiam
968 512 1020 544 per
1044 501 1123 533 chori
1146 501 1271 534 carmina
1294 502 1392 534 sentiri
1417 508 1642 537 consentaneum
1660 509 1721 546 est3

190 549 284 592 itaque
313 548 362 590 iis,
395 548 443 591 qui
472 553 569 581 mente
599 548 689 591 magis
720 553 749 580 et
778 548 948 590 cogitatione
978 547 1055 581 ducti
1079 552 1180 591 agunt,
1213 548 1345 581 accinuut
1368 549 1417 581 viri
1441 550 1485 582 vel
1508 561 1594 583 senes
1618 556 1648 584 et
1670 551 1724 595 ipsi

190 595 359 638 cogitatione
390 596 557 639 plerumque
588 595 623 627 ad
653 606 701 627 eas
731 595 886 627 sententias
915 613 958 618 —
988 596 1133 627 universas
1157 606 1244 638 saepe
1267 612 1315 618 —-
1337 596 1484 639 producti,
1520 608 1591 641 quas
1621 599 1723 641 prolo-

190 646 336 685 quuntur;
373 642 405 673 iis
436 646 549 685 contra,
579 653 650 686 quos
676 653 776 674 sensus
800 642 890 683 magis
914 642 1007 684 ducit,
1037 641 1157 684 virgines
1181 641 1346 685 adjunctae,
1378 653 1453 687 quae
1477 653 1578 676 sensus
1601 645 1724 677 maxime

188 689 286 730 edunt,
310 689 400 720 rarius
415 688 456 721 'et
479 689 604 721 breviter
627 689 796 732 plerumque
820 689 849 719 in
873 690 1032 721 universam
1056 689 1179 732 aliquam
1203 689 1374 721 sententiam
1398 690 1590 732 egredientes.
1635 691 1725 730 Quod

187 745 274 777 quam
303 735 419 777 egregie
443 740 546 778 poetae
571 735 705 777 cesserit,
736 734 898 777 apparebit,
930 736 953 766 si
977 735 1086 767 fabulas
1106 735 1167 777 jam
1191 746 1277 778 supra
1301 736 1473 779 compositas
1496 735 1670 779 Antigonam
1694 742 1725 770 et

186 781 332 813 Electram
355 782 411 813 boc
434 793 549 825 quoque
573 782 688 814 nomine
712 792 919 824 comparamus.
968 782 1001 813 In
1024 782 1077 814 hac
1101 781 1177 813 enim
1202 792 1268 814 cum
1292 782 1397 814 sensim
1415 783 1531 815 Electra
1548 783 1725 826 producatur

187 827 221 859 ad
246 828 394 859 consilium
419 828 604 870 capiundum,
630 828 708 871 quod
732 828 840 871 cuique*
858 828 918 860 fere
942 828 1060 871 impium
1083 828 1212 860 videatur
1235 833 1265 860 et
1288 828 1393 861 durum
1416 840 1535 861 necesse
1560 834 1620 871 est,
1644 830 1724 862 chori

186 878 283 918 partes
312 885 328 906 a
351 874 505 917 virginibus
530 875 636 918 expleri
660 875 697 907 ita
720 874 865 916 videmus,
894 879 927 906 ut
950 886 1024 918 quae
1048 875 1150 906 sentiat
1174 875 1235 917 illa,
1266 875 1368 907 eadem
1392 875 1453 908 fere
1477 876 1582 908 chorus
1606 887 1723 920 quoque

185 922 373 965 proloquatur
397 933 448 954 sua
472 933 565 964 sensa,
590 922 811 965 indignationem
837 922 873 954 de
898 922 1124 965 Clytemnestrae
1137 922 1326 965 Aegisthique
1350 922 1453 965 agendi
1476 923 1586 955 ratione
1610 924 1722 966 gravis—

186 968 308 1009 simam;
333 979 389 1011 qua
412 969 522 1000 ratione
546 969 691 1011 praeclare
715 968 783 999 illud
807 968 936 1009 efficitur,
961 969 988 1000 in
1013 980 1070 1011 quo
1095 979 1206 1000 summa
1231 969 1349 1007 vertitur
1371 970 1424 1010 rei,
1442 974 1481 1001 ‘ut
1504 974 1534 1001 et
1550 980 1617 1001 vera
1635 970 1722 1012 patris

185 1014 291 1058 pietate
314 1014 483 1058 perductam
506 1025 571 1047 eam
595 1026 690 1059 neque
715 1014 849 1057 singulari
873 1014 995 1058 quadam
1019 1015 1128 1047 ratione
1153 1026 1189 1047 eo
1213 1015 1319 1047 deferri
1339 1015 1454 1058 judicii,
1484 1026 1541 1059 quo
1565 1026 1633 1047 vere
1657 1026 1723 1048 eam

185 1061 313 1093 videmus
343 1061 473 1105 perferri,
502 1062 692 1105 intelligamus
722 1062 818 1105 itaque
848 1062 908 1104 ejus
939 1063 1096 1094 sententiae
1126 1067 1155 1094 et
1184 1062 1299 1094 consilia
1329 1062 1487 1094 liberentur
1515 1062 1668 1095 atrocitatis
1693 1067 1724 1095 et

185 1108 357 1139 crudelitatis
382 1109 487 1151 specie,
512 1120 587 1151 quae
612 1109 635 1140 si
659 1120 716 1140 non
738 1109 777 1140 ita
801 1113 878 1140 esset
901 1119 948 1140 res
972 1109 1107 1150 instituta,
1133 1109 1294 1140 necessario
1318 1109 1471 1141 obtineret.
1519 1110 1621 1151 Longe
1641 1109 1723 1141 aliter

183 1154 212 1185 in
241 1154 386 1196 Antigona
416 1165 464 1186 res
492 1165 523 1186 se
554 1154 661 1195 babet3
698 1165 756 1197 quo
787 1154 862 1186 enim
890 1155 979 1197 magis
1009 1155 1054 1186 illa
1078 1154 1206 1187 desolata
1235 1159 1280 1186 est
1303 1159 1333 1187 et
1356 1154 1391 1187 ab
1416 1154 1548 1187 omnibus
1572 1155 1671 1187 relicta
1693 1155 1723 1187 in

184 1200 301 1232 consilio
333 1212 386 1232 suo
418 1201 618 1243 exsequendo,
652 1201 784 1244 factoque
814 1201 937 1242 tuendo,
969 1212 1004 1233 eo
1034 1201 1123 1243 magis
1153 1201 1324 1233 admirabilis
1355 1201 1466 1233 videtur
1494 1206 1626 1233 constans
1650 1201 1723 1233 illius

184 1257 326 1289 verusque
358 1247 449 1278 fratris
481 1247 565 1279 occisi
596 1258 693 1288 amor,
729 1258 765 1279 ne
798 1247 974 1279 excusandus
1004 1247 1121 1291 quidem
1150 1247 1210 1289 ille,
1247 1258 1313 1279 cum
1343 1248 1438 1279 violari
1462 1248 1607 1279 neminem
1629 1247 1722 1290 probe

184 1294 309 1325 sentiens
334 1298 479 1337 spectator
502 1293 545 1325 vix
569 1294 660 1336 possit
683 1294 755 1336 ipse,
780 1293 848 1337 quin
872 1294 966 1326 statim
990 1305 1056 1326 cum
1078 1294 1124 1327 illa
1144 1294 1256 1336 sentiat,
1282 1294 1471 1338 Creontisque
1487 1294 1601 1337 jussum
1618 1294 1723 1326 durum

183 1344 300 1373 censeat
324 1345 353 1373 et
377 1340 503 1373 crudele.
550 1342 623 1373 Erat
646 1341 740 1384 potius
765 1340 869 1384 aliquid
892 1340 1064 1384 addendum,
1091 1353 1148 1385 quo
1172 1318 1327 1374 sentiretur
1350 1342 1446 1374 Creon
1469 1353 1527 1374 non
1542 1341 1603 1373 soli
1627 1341 1723 1374 animo

183 1398 237 1419 suo
268 1387 432 1429 indulgere,
468 1387 521 1419 nisi
553 1388 591 1419 ita
621 1387 748 1419 debebat
776 1398 823 1419 res
850 1388 938 1419 videri
967 1399 998 1420 se
1028 1388 1150 1431 habere,
1181 1392 1212 1420 ut
1235 1399 1308 1431 puro
1332 1388 1484 1432 divinoque
1508 1388 1723 1431 quodammodo

181 1433 345 1476 Antigonae
369 1434 458 1465 amori
481 1445 539 1466 non
564 1438 759 1477 opponeretur
782 1434 903 1465 humana
928 1434 973 1466 lex
998 1435 1149 1478 quaedam,
1174 1434 1267 1467 acrior
1290 1434 1407 1478 quidem
1431 1446 1465 1466 ea
1489 1435 1562 1467 sacta
1585 1434 1723 1477 pertinaci

183 1480 315 1512 Creontis
340 1481 492 1522 voluntate,
518 1480 570 1513 sed
594 1481 655 1512 sola
678 1481 750 1513 haec
770 1481 926 1512 Creontis'
918 1492 947 1512 ιιι
965 1482 1086 1513 consiliis
1105 1481 1263 1534 edictisque
1281 1482 1371 1514 semel
1389 1482 1541 1524 propositis
1560 1480 1722 1513 obtinendis

183 1527 344 1569 pertinacia.
394 1527 482 1565 Quod
506 1527 529 1559 si
552 1538 621 1559 vere
646 1532 707 1559 erat
730 1527 942 1570 praestandum,
967 1539 1024 1559 non
1047 1532 1206 1571 potuerunt
1230 1527 1350 1572 virgines
1375 1528 1454 1560 chori
1477 1527 1629 1571 partibus
1622 1539 1651 1559 m
1668 1528 1722 1559 hac

182 1573 260 1616 fungi
284 1573 389 1615 sabula,
415 1574 520 1617 quippe
544 1585 619 1617 quae
644 1585 731 1606 sensu
755 1573 857 1606 ductae
881 1574 993 1606 honesti
1018 1580 1047 1607 et
1070 1575 1181 1618 pulchri
1205 1574 1301 1606 statim
1324 1574 1352 1606 in
1375 1574 1538 1618 Antigonae
1562 1574 1723 1606 vehemen-

182 1620 291 1652 tissimo
315 1620 420 1653 amoris
444 1621 560 1652 fraterni
584 1632 672 1653 sensu
695 1620 826 1653 incitatae
849 1625 944 1663 partes
969 1632 1001 1653 se
1025 1622 1221 1664 contulissent,
1246 1621 1298 1653 sed
1322 1621 1438 1654 senibus
1458 1632 1530 1664 opus
1549 1621 1601 1653 suit
1618 1620 1654 1653 ad
1671 1621 1723 1652 has

182 1671 279 1710 partes
303 1667 445 1710 agendas,
476 1668 582 1711 quippe
610 1668 658 1711 qui
682 1667 900 1710 cogitationibus
924 1668 981 1700 suis
1007 1679 1042 1700 eo
1068 1673 1166 1701 essent
1189 1668 1333 1711 perducti,
1366 1674 1399 1701 ut
1423 1668 1553 1700 ordinem
1578 1667 1723 1700 obedien—

181 1713 308 1757 tiamque
331 1714 413 1746 unice
437 1714 553 1746 firmare
578 1715 719 1747 civitatem
743 1725 776 1746 ac
800 1725 913 1746 servare
937 1719 1070 1758 putarent
1094 1726 1189 1759 neque
1212 1715 1299 1758 igitur
1323 1726 1338 1746 a
1355 1715 1432 1758 regis
1451 1715 1550 1747 edictis
1568 1714 1612 1746 vel
1632 1714 1722 1746 latum

184 1760 306 1803 digitum
337 1760 541 1793 discedendum
571 1766 740 1803 censerent,
776 1761 868 1793 donec
898 1773 1005 1804 poena,
1043 1772 1129 1805 quam
1159 1762 1227 1794 dare
1254 1761 1384 1794 viderent
1401 1763 1579 1802 Creontem,
1609 1760 1645 1792 ab
1668 1761 1722 1792 hac

184 1806 396 1838 abducerentur
419 1805 608 1851 sententia.¹)
624 1825 679 1844 ‚·-—
704 1807 917 1850 Sapientissime
942 1813 1038 1840 autem
1062 1808 1090 1839 in
1113 1808 1278 1840 universum
1298 1807 1334 1839 ad
1353 1809 1472 1840 chorum
1490 1807 1721 1839 constituendum

207 1904 215 1918 Ι

221 1902 233 1932 )
248 1903 683 1968 abramaeae&⁸1:355,
693 1904 724 1967 ’,ἶ
725 1901 1719 1976 ⁷55¹¹¹3¹5f2²152u2⁰..lisszzessssezfffmd2’0'222125?tzaltffissz‘ziassttsflzgsst

248 1970 302 1994 ideo
325 1969 425 1994 chorum
448 1971 481 1994 ita
504 1974 642 1995 censentem
664 1969 803 1994 exhibuisse
828 1968 986 2000 Sophoclem,
1011 1974 1038 1994 ut
1061 1970 1114 1994 sola
1138 1971 1259 2001 Antigone
1283 1978 1327 1994 sna
1350 1970 1372 1993 xi
1395 1977 1471 2000 neque
1495 1970 1595 1994 aliorum
1616 1969 1719 1994 adsensu

249 2004 332 2036 adjuta
357 2003 387 2028 ad
412 2012 465 2029 eam
482 2004 702 2036 magnanimitatem
720 2007 804 2029 evecta
823 2003 957 2035 uideretur,
983 2005 1039 2035 quia
1052 2004 1118 2036 jam,
1145 2007 1274 2035 antequam
1291 2003 1358 2029 chori
1376 2004 1469 2029 noverit
1486 2004 1642 2033 sententiam,
1667 2009 1718 2026 rem

1087 2296 1098 2355 ιι-«ψ
