1943 2355
971 86 1013 116 31

231 184 335 219 deinde
358 184 473 228 quando
496 184 589 216 soleat
611 182 713 216 actioni
735 182 906 216 interserere
930 183 1009 215 chori
1032 182 1165 225 carmina,
1188 186 1251 214 tum
1268 181 1392 225 denique
1409 191 1467 224 qua
1481 179 1591 212 ratione
1609 183 1639 211 et
1654 177 1758 223 quibus

231 232 269 265 de
292 231 383 264 causis
406 232 463 264 hoc
486 231 569 263 saciat
590 234 687 274 pocta,
711 234 847 274 quantum
869 241 1033 274 possumus,
1057 228 1241 262 ostendamus
1264 232 1294 261 et
1316 237 1519 272 proponamus.

229 363 267 396 11.
312 362 464 396 AGITUR
485 363 542 395 DE
564 362 759 395 PERSONIS
783 362 986 405 CHORICIS‚
1024 361 1182 401 QUALES
1218 360 1458 393 OSTENDUNT
1494 357 1755 391 TRAGOEDIAE

878 425 1111 459 SOPHOCLIS.

321 509 449 542 Primum
477 509 545 542 illud
574 510 652 554 quod
675 511 890 554 proposuimus,
917 510 978 553 jam
1001 521 1086 553 supra
1109 520 1145 542 eo
1170 509 1381 553 quodammodo
1404 507 1647 552 praeparavimus,
1677 505 1756 550 quod

229 556 391 589 monuimus
426 556 454 588 in
489 557 545 589 hoc
579 557 721 590 diversum
755 557 792 589 ab
822 557 960 600 Euripide
996 557 1168 600 Sophoclem
1196 557 1235 589 ita
1265 557 1359 589 solere
1389 566 1490 598 agere,
1526 559 1559 586 ut
1581 564 1655 598 quae
1678 553 1755 585 ultro

230 602 443 646 quodammodo
472 613 504 635 se
533 603 654 636 offerant
683 604 792 636 vinculo
821 603 946 647 quodam
975 614 1041 635 cum
1066 603 1196 646 personis
1220 604 1403 646 conjunctae,
1435 601 1471 633 ad
1493 602 1549 633 hoc
1571 611 1674 632 munus
1699 611 1755 632 ex-

228 648 365 692 plendum
389 648 522 682 adhibeat
545 661 691 693 personas.
737 651 780 682 lta
802 650 831 682 in
856 649 969 693 Oedipo
993 651 1085 692 Rege,
1109 650 1138 681 in
1160 649 1314 692 Antigone,
1337 649 1366 680 in
1385 648 1499 691 Oedipo
1518 648 1646 680 Coloneo
1670 657 1755 679 senes

228 695 356 727 videmus
379 696 423 727 his
445 696 572 739 partibus
596 697 675 739 fungi
697 701 792 729 terrae
815 697 931 738 incolas,
954 696 983 728 in
1006 696 1147 739 prioribus
1171 696 1281 728 duabus
1304 696 1406 728 sabulis
1421 694 1584 737 Thebanos,
1608 693 1658 737 qui
1680 693 1755 726 sorte

228 742 274 773 vel
297 742 442 773 convocati
464 747 643 774 accesserant
666 742 701 774 ad
725 742 843 784 regiam,
866 747 899 774 ut
921 743 985 774 tulit
1009 743 1184 774 Graecorum
1207 742 1263 781 vita
1284 742 1418 785 publica3
1442 741 1470 772 in
1491 740 1604 783 Oedipo
1625 740 1754 772 Coloneo

230 792 328 820 contra
352 788 413 831 ejus
436 788 488 820 vici
511 788 653 831 prodeunt
676 789 784 821 incolae
808 799 902 831 senes,
926 788 974 832 qui
998 788 1126 831 proxime
1146 788 1222 831 apud
1238 788 1331 832 ipsum
1350 787 1466 820 actionis
1484 787 1579 819 locum
1595 786 1755 818 habitantes

228 834 313 877 longe
339 833 443 867 facilius
467 839 599 878 poterant
622 834 770 877 accedere,
794 846 881 878 quam
904 835 949 867 alii
972 835 1091 878 quilibet
1113 835 1264 878 simulque,
1288 835 1393 878 quippe
1411 834 1465 877 ipsi
1482 844 1576 875 senes,
1600 844 1666 865 cum
1684 843 1755 865 sene

229 880 344 924 Oedipo
372 881 494 913 maxime
525 882 651 914 omnium
679 882 871 914 consentirent
899 892 1019 914 necesse
1048 886 1124 924 erat,
1161 892 1225 913 cum
1253 881 1355 913 iisdem
1378 881 1439 913 fere
1462 884 1662 923 premerentur
1685 879 1756 911 senii

228 927 374 959 molestiis.
423 927 501 966 Quid
528 933 678 971 praeterea
706 929 784 961 hisce
813 928 942 971 personis
970 928 1107 971 eligendis
1136 933 1282 960 assecutus
1312 928 1349 960 sit
1376 932 1477 971 poeta,
1508 926 1615 970 optime
1638 925 1756 969 Reisigii

227 973 321 1005 verbis
334 971 367 1016 1)
392 974 551 1006 exhibebo:
590 976 702 1015 „Senes
733 975 834 1007 iccirco
859 979 940 1007 erant
963 974 1101 1017 eligendi,
1130 975 1196 1018 quia
1219 975 1291 1007 haec
1313 979 1391 1007 aetas
1414 973 1632 1017 prudentissima
1658 978 1702 1005 est
1726 977 1756 1004 et

227 1019 454 1051 moderatissima
484 1025 570 1063 atque
602 1020 638 1052 ad
670 1020 774 1063 Oedipi
804 1020 874 1052 item
905 1021 980 1052 senis
1009 1020 1136 1052 miserias
1168 1020 1329 1052 sentiendas
1361 1020 1663 1052 accommodatissima.
1722 1020 1754 1050 In

226 1065 370 1109 religionis
401 1065 475 1098 enim
506 1067 583 1098 cultu
613 1066 777 1109 gravissimo
807 1066 985 1098 observando
1013 1071 1042 1098 et
1061 1066 1219 1110 judicandis
1245 1066 1350 1110 Oedipi
1373 1066 1483 1109 flagitiis
1506 1065 1659 1097 videndum
1683 1069 1754 1106 erat,

227 1123 264 1144 ne
287 1112 449 1145 robustiore
473 1118 566 1145 aetate
589 1113 639 1145 viri
662 1114 808 1146 calidiores
833 1118 930 1146 essent
953 1118 983 1146 et
1005 1114 1097 1145 minus
1127 1125 1159 1146 se
1183 1114 1219 1146 ad
1241 1114 1464 1146 misericordiam
1487 1111 1660 1145 commoveri
1682 1123 1754 1155 pre-

227 1159 307 1190 cibus
331 1164 517 1201 paterentur5
541 1160 709 1202 praesertim
733 1171 798 1192 cum
820 1171 868 1191 res
892 1164 969 1191 esset
993 1160 1142 1202 ejusmodi,
1166 1164 1200 1192 ut
1222 1171 1306 1192 senes
1325 1160 1398 1192 adeo
1418 1160 1463 1192 vix
1482 1159 1518 1191 ab
1537 1158 1621 1191 animi
1641 1159 1754 1191 fervore

226 1204 281 1238 sibi
303 1209 463 1249 temperare
487 1216 572 1250 posse
595 1205 759 1239 viderentur
781 1217 807 1238 v.
832 1206 1022 1238 211—27.“
1048 1223 1095 1229 ——
1120 1207 1153 1238 In
1175 1206 1264 1249 Ajace
1289 1207 1391 1239 chorus
1416 1210 1461 1238 est
1483 1206 1570 1249 ipsius
1592 1209 1754 1247 nautarum,

226 1264 299 1296 quos
322 1258 546 1286 consentaneum
570 1258 632 1286 erat
655 1254 786 1287 omnihus
809 1253 899 1297 magis
918 1253 1012 1286 solere
1030 1254 1102 1287 circa
1119 1253 1205 1298 ipsius
1224 1254 1377 1287 tentorium
1395 1253 1509 1287 versari.
1545 1254 1578 1286 In
1595 1252 1754 1285 Philocteta

226 1304 329 1330 nautae
358 1304 425 1330 sunt
453 1301 651 1342 Neoptolemi,
684 1301 732 1342 qui
760 1302 929 1342 praesertim
953 1311 1018 1332 cum
1041 1301 1078 1332 ad
1101 1301 1260 1342 augendam
1283 1302 1449 1343 spectatoris
1473 1312 1542 1342 erga
1564 1301 1754 1332 Philoctetem

225 1344 447 1377 misericordiam
478 1345 626 1389 magisque
656 1345 835 1378 efferendum
864 1346 968 1377 fortem
998 1346 1060 1388 ejus
1090 1346 1215 1378 animum
1242 1346 1270 1377 in
1299 1347 1389 1378 insula
1412 1346 1526 1378 deserta
1549 1356 1617 1377 eum
1641 1345 1754 1377 finxerit

224 1396 384 1424 versantem
416 1392 589 1435 Sophocles,
620 1393 673 1425 hac
703 1392 820 1436 quidem
848 1404 881 1425 re
910 1392 1060 1425 discedens
1090 1397 1120 1425 et
1149 1392 1184 1425 ab
1215 1393 1358 1437 Aeschylo
1388 1398 1418 1425 et
1446 1392 1481 1425 ab
1510 1392 1664 1436 Euripide,
1704 1391 1753 1436 qui

223 1442 345 1480 uterque
379 1439 566 1470 Lemniorum
603 1439 795 1481 produxerant
832 1440 968 1481 chorum,
1013 1439 1065 1471 soli
1106 1444 1238 1482 poterant
1272 1440 1375 1472 actioni
1411 1439 1513 1472 adesse
1549 1439 1752 1482 debebantque

225 1484 324 1524 simul,
342 1494 423 1517 cum.
441 1489 520 1516 esset
543 1495 659 1525 eorum,
690 1489 827 1527 quantum
850 1489 984 1527 possent,
1015 1485 1093 1517 ducis
1114 1486 1225 1527 juvenis
1250 1486 1399 1518 subvenire
1423 1486 1572 1528 susceptis.
1620 1486 1700 1523 Quas
1723 1485 1752 1516 in

194 1531 197 1534 ’
223 1529 379 1562 Trachiniis
414 1529 543 1562 videmus
579 1530 658 1562 chori
677 1534 788 1575 partes
824 1541 927 1573 agere,
961 1531 1084 1573 virgines
1113 1531 1279 1563 Trachiniae
1309 1531 1437 1564 facillime
1467 1536 1498 1563 et
1525 1531 1668 1584 quibusvis
1692 1530 1752 1562 aliis

224 1576 331 1609 facilius
355 1588 421 1609 cum
445 1577 580 1620 Dejanira
604 1568 836 1620 congrediuntur,
860 1588 926 1610 cum
949 1577 999 1609 viri
1022 1578 1117 1621 potius
1136 1578 1260 1610 virorum
1278 1579 1333 1611 sint
1351 1578 1470 1611 comites
1488 1578 1554 1622 apti,
1579 1577 1615 1610 ad
1633 1573 1753 1610 feminas

223 1634 325 1666 regum
361 1627 391 1655 et
426 1623 531 1655 ducum
566 1635 624 1656 non
658 1628 717 1656 tam
746 1624 827 1656 facile
857 1623 1002 1656 accedant.
1057 1624 1139 1656 Idem
1167 1636 1285 1668 prorsus
1315 1625 1468 1658 dicendum
1491 1630 1536 1657 est
1558 1625 1595 1657 de
1618 1625 1753 1657 Electrae

224 1669 329 1712 choro,
358 1679 424 1701 cum
454 1669 573 1701 absente
602 1670 742 1712 Aegistho
772 1671 888 1723 solaque
917 1670 946 1701 in
974 1671 1053 1712 regia
1082 1676 1212 1702 versante
1236 1683 1301 1703 cum
1323 1672 1435 1703 filiabus
1460 1672 1682 1715 Clytemnestra,
1709 1671 1752 1702 vix

223 1715 295 1748 aliae
319 1716 428 1760 possint
451 1716 599 1759 accedere,
624 1728 710 1761 quam
733 1717 864 1760 virgines.
899 1717 943 1749 lta
965 1716 1051 1760 igitur
1073 1717 1201 1750 videmus
1224 1718 1289 1751 viris
1307 1718 1457 1762 agentibus
1475 1717 1752 1751 maxime-accedere

222 1773 306 1795 senes
331 1764 376 1795 vel
399 1763 472 1795 viros
485 1788 494 1805 ,
531 1764 641 1796 seminis
665 1765 708 1796 vel
742 1764 896 1807 virginibus
931 1764 1062 1807 virgines.
1134 1766 1187 1797 Cui
1209 1766 1327 1808 regulae
1351 1766 1438 1809 siquis
1462 1765 1605 1798 existimet
1627 1765 1752 1808 obstare,

221 1809 301 1851 quod
324 1809 352 1840 in
375 1810 519 1852 Antigona
543 1821 637 1851 senes,
661 1821 718 1841 non
742 1810 864 1852 virgines
882 1810 958 1842 videt
976 1811 1054 1842 chori
1071 1811 1198 1853 partibus
1218 1812 1306 1854 fungi,
1319 1823 1397 1849 ,cum
1414 1812 1520 1855 primas
1537 1812 1623 1854 hujus
1640 1811 1753 1844 fabulae

221 1859 317 1897 partes
341 1860 406 1898 agat
428 1856 582 1899 Antigone,
607 1856 652 1889 cui
675 1861 737 1889 tum
759 1861 792 1889 ut
814 1857 947 1889 Electrae
972 1857 1050 1901 chori
1070 1857 1135 1890 loco
1153 1858 1275 1901 virgines
1294 1858 1414 1891 luissent
1430 1857 1588 1901 addendae,
1610 1857 1754 1891 reminisci

222 1911 289 1933 eum
315 1902 468 1946 jubemus,
496 1903 525 1935 in
548 1903 601 1935 hac
625 1903 735 1947 sabula,
765 1904 897 1948 quamvis.
915 1904 1037 1937 maxime
1060 1904 1222 1948 Antigonae
1247 1910 1371 1950 exponat
1394 1906 1464 1949 sata,
1496 1911 1562 1939 ante
1586 1905 1752 1949 spectatoris

248 2005 273 2036 ¹)
291 2006 456 2032 Enarrationis
473 2007 560 2040 Oedipi
577 2008 676 2036 Colonei
694 2017 716 2041 p.
734 2009 823 2034 XVIII.
839 2009 909 2034 XIX.
